2421 2972
261 326 297 357 et
323 332 358 356 e.
387 318 464 356 64:
497 333 520 356 a
545 320 705 357 Metello
728 321 888 371 petundi
911 321 1035 371 qratia
1063 321 1271 357 missionem
1299 326 1429 371 roqat,
1463 319 1525 357 ubi
1552 319 1658 371 plura
1686 318 1848 357 Rritzius
1873 332 1912 369 p.
1937 317 2049 366 5453

260 386 411 425 aliorum
437 393 556 424 autem
585 386 777 425 verborum
802 394 1023 426 structuram
1053 387 1249 438 ellipticam
1277 386 1452 437 praebent
1479 387 1645 439 Philipp.
1670 387 1725 425 11.
1751 385 1802 425 6:
1837 386 1952 424 hodie
1976 400 2052 424 uon

261 454 449 492 deseendit
473 452 661 491 Antonias
685 455 767 492 scil.
794 455 832 492 in
862 455 1006 504 ἴοι-πως
1044 453 1127 492 Au.
1153 454 1246 492 XV.
1277 452 1357 490 29:
1394 455 1448 491 ait
1478 454 1539 491 Ιιίο
1563 455 1638 491 siba·
1660 454 1810 492 Iuliam
1832 455 1936 506 ferre
1963 453 2048 491 scil.

261 520 511 558 condicionem
524 535 536 568 3
569 521 674 557 Fam.
700 522 796 558 XII.
821 520 871 558 ὃς
907 522 1052 558 Brutus
1082 522 1181 559 enim
1202 521 1381 559 Mutinae
1408 521 1472 557 vix
1488 521 1575 570 jam
1600 522 1803 558 sustinebat
1832 521 1914 557 scil.
1949 520 2050 558 obsi-

261 586 426 635 dionem3
468 585 557 623 ibid.
588 586 683 624 XII.
713 585 793 624 25:
829 588 1032 625 conscende
1056 587 1246 625 nobiscum
1270 587 1354 625 scil.
1380 587 1525 635 uavim3
1558 599 1626 636 pro
1656 586 1778 624 Sestio
1806 599 1841 623 c.
1868 585 1940 623 18:
1977 588 2048 623 ini·

260 654 350 689 mici
375 654 448 689 mei
474 654 630 704 fratrem
653 656 888 706 praefecerat
910 654 992 691 scil.
1021 653 1193 691 militibus
1219 660 1291 691 etc.

385 720 577 757 Hactenus
605 721 650 758 de
675 722 742 769 iis,
778 734 872 772 quae
903 734 1016 772 quum
1046 727 1110 759 aut
1140 720 1380 759 Marklaudus
1409 727 1473 758 aut
1497 719 1718 758 Tunstallus
1751 720 1796 758 ab
1826 722 2047 772 optimorum

260 788 477 838 scriptorum
508 800 579 824 usu
609 787 804 826 abhorrere
834 788 1031 836 dixissent,
1066 789 1181 839 ipsius
1212 787 1426 838 plerumque
1454 786 1646 826 Ciceronis
1676 787 1842 839 exemplo
1871 788 2048 826 vindicari

259 860 478 905 potueruut3
518 867 592 905 quo
625 855 663 891 iu
697 868 829 907 genere
862 868 976 906 quum
1008 856 1096 893 satis
1129 854 1275 892 illorum
1314 861 1376 892 aut
1409 854 1538 892 levitas
1569 861 1634 892 ant
1666 854 1848 892 calumnia
1885 862 2047 906 spectata

257 923 327 968 sit,
362 923 400 958 iu
422 923 466 958 iis
493 934 660 972 quoque,
694 935 848 972 quorum
876 936 950 960 non
973 936 1124 974 prorsus
1153 923 1297 973 gemina
1321 922 1486 972 exempla
1515 928 1683 969 exstant,
1713 936 1918 973 quorumve
1945 923 2048 960 Lati-

260 989 352 1026 nitas
383 987 480 1039 apud
509 987 597 1026 alios
626 994 765 1026 tantum
794 990 989 1041 scriptores
1013 990 1253 1042 patrocinium
1280 989 1462 1037 iuveniat,
1494 1002 1569 1027 non
1603 995 1702 1027 tanta
1730 1002 1857 1028 eorum
1888 991 2048 1028 auctori·

258 1061 313 1092 tas
342 1056 429 1102 erit,
468 1061 509 1091 ut
537 1054 622 1091 talia
653 1068 674 1091 a
707 1054 884 1094 Cicerone
914 1056 1039 1108 ejusve
1071 1056 1213 1107 aequali
1240 1057 1388 1094 omnino
1418 1056 1491 1094 dici
1525 1069 1599 1094 uon
1629 1057 1790 1106 potuisse
1821 1057 1910 1107 ipsis
1948 1057 2046 1094 affir-

259 1121 440 1159 mantibus
469 1121 683 1172 credamus3
724 1124 937 1173 praesertim
964 1124 1002 1161 in
1027 1123 1212 1174 epistolis,
1251 1136 1405 1174 quarum
1436 1124 1514 1174 ipsa
1548 1128 1678 1161 natura
1708 1122 1780 1162 boc
1810 1122 1902 1170 fert,
1944 1131 1985 1162 ut
2010 1130 2046 1162 et

260 1189 407 1226 omuino
440 1189 644 1226 remissiore
679 1188 823 1226 dicendi
852 1202 984 1241 genere
1019 1196 1185 1237 utamur,
1220 1202 1329 1240 quam
1361 1190 1400 1226 iu
1432 1191 1479 1227 iis
1511 1203 1605 1241 quae
1638 1189 1685 1227 ab
1722 1189 1892 1227 omnibus
1925 1197 1990 1227 aut
2023 1203 2045 1226 a

259 1257 411 1305 posteris
440 1255 512 1307 legi
544 1256 754 1306 cupiamus,
789 1262 827 1294 et
857 1256 970 1294 multa
1001 1256 1178 1294 vocabula
1210 1270 1446 1307 usurpemus,
1482 1270 1575 1308 quae
1604 1258 1720 1308 magis
1747 1256 1795 1294 ad
1826 1256 2043 1295 familiarem

257 1323 432 1361 sermonis
464 1322 618 1361 formam
649 1335 758 1374 quam
790 1322 837 1360 ad
871 1322 988 1374 justae
1016 1324 1189 1362 orationis
1219 1323 1428 1376 dignitatem
1461 1325 1676 1375 pertineant.
1733 1323 1820 1375 Ipse
1853 1322 1945 1362 adeo
1977 1322 2043 1361 Ci-

257 1402 364 1437 cero,
401 1390 568 1439 quamvis
599 1389 793 1427 verborum
817 1403 983 1440 qnoque,
1016 1396 1057 1428 ut
1084 1391 1134 1428 ait
1163 1389 1305 1427 Gellius
1329 1390 1445 1427 XIII.
1475 1389 1551 1438 24,
1591 1391 1888 1442 diligentissimus
1914 1390 2041 1428 alieni·

257 1469 329 1506 que
364 1456 541 1493 sermonis
573 1456 771 1493 acerrimus
801 1462 968 1503 exactor,
1008 1452 1047 1492 iu
1076 1456 1238 1506 epistolis
1268 1461 1388 1493 tamen
1422 1456 1533 1493 multa
1566 1456 1636 1494 sibi
1668 1455 1842 1502 indulsit,
1882 1469 2040 1506 quorum

256 1523 504 1561 auctoritatem
533 1535 579 1560 ex
602 1524 732 1574 quovis
758 1524 899 1561 comico
930 1522 1049 1573 potius
1079 1535 1188 1573 quam
1218 1535 1263 1559 ex
1293 1522 1407 1572 ipsius
1437 1521 1661 1560 orationibus
1687 1521 2041 1573 disputationibusve

256 1588 523 1641 philosophicis
555 1595 678 1641 petere
709 1589 838 1639 liceat3
877 1588 1046 1640 aequales
1074 1594 1195 1626 autem
1224 1588 1407 1640 quomodo
1430 1588 1610 1626 interdum
1640 1589 1873 1640 scripserint,
1910 1589 1969 1627 vel
1990 1584 2040 1627 ‘ex

255 1658 299 1694 iis
327 1656 583 1708 intelligimus,
616 1670 709 1707 quae
739 1656 903 1694 Antonio
928 1657 967 1694 in
997 1656 1067 1695 boc
1093 1669 1239 1707 quoque
1263 1669 1396 1707 genere
1423 1655 1615 1706 exprobrat
1630 1655 1708 1707 49),
1736 1670 1891 1707 quorum
1920 1659 1951 1694 si
1980 1657 2040 1695 vel

255 1723 402 1759 minima
434 1735 520 1773 pars
549 1724 588 1759 in
617 1723 725 1760 Bruti
752 1722 904 1773 epistola
943 1722 1065 1773 aliqua
1097 1722 1299 1773 legeretur,
1342 1722 1458 1774 Angli
1496 1724 1608 1759 nostri
1649 1723 1879 1760 manifestum
1912 1723 2038 1774 sopbi-

256 1794 347 1824 stam
378 1787 596 1838 intimaeque
626 1788 814 1825 barbariae
838 1788 1018 1825 hominem
1047 1789 1161 1824 teneri
1190 1788 1453 1835 exclamarent3
1488 1800 1556 1825 nee
1581 1790 1613 1824 si
1632 1788 1717 1838 jure
1742 1790 1944 1839 meritoque
1968 1791 2038 1826 viri

257 1854 354 1893 docti
378 1853 570 1905 plerosque
592 1854 751 1902 illorum,
782 1866 937 1905 quorum
964 1852 1135 1903 epistolae
1158 1853 1206 1891 ad
1231 1853 1444 1893 Ciceronem
1469 1853 1573 1892 datae
1597 1855 1636 1891 in
1658 1853 1909 1892 Familiarium
1933 1854 2037 1892 libris

256 1927 418 1966 exstant,
456 1920 502 1956 ad
529 1921 741 1957 imitandum
769 1921 887 1957 miuus
917 1925 1019 1969 aptos
1048 1926 1268 1958 censuerunt
1285 1920 1360 1970 ⁵⁰),
1396 1920 1513 1957 solum
1539 1920 1599 1958 Μ.
1627 1921 1787 1958 Brutum
1815 1922 1864 1958 ita
1892 1935 1936 1958 ex
1964 1921 2037 1959 hoc

311 2035 361 2069 49)
380 2034 506 2070 Philipp.
531 2033 585 2059 ΙΙΙ.
606 2033 640 2059 9:
661 2033 843 2060 sententiolas
860 2034 946 2061 edicti
963 2033 1111 2071 eujusdam
1129 2035 1276 2061 memoriae
1294 2033 1439 2064 mandavi,
1461 2042 1531 2070 quas
1553 2032 1663 2059 videtur
1682 2033 1732 2059 ille
1749 2039 1903 2069 peracutas
1919 2039 2036 2070 putare,

257 2096 307 2123 eqo
328 2091 421 2113 autem
440 2087 492 2122 qui
509 2084 698 2121 intelligeret,
720 2084 791 2121 quid
809 2084 900 2111 elicere
914 2085 1017 2116 vellet,
1044 2084 1139 2111 adhue
1159 2086 1293 2111 neminem
1313 2085 1417 2111 inveni.
1457 2084 1575 2110 Nulla
1601 2085 1829 2111 contumelia
1854 2090 1906 2111 est
1933 2094 2037 2121 qaam

254 2139 353 2174 facit
371 2137 518 2175 dignus.
557 2136 683 2163 Primum
703 2135 774 2173 quid
792 2141 834 2163 est
849 2136 1004 2174 aliquus?
1022 2145 1087 2163 nam
1106 2137 1190 2164 etiam
1208 2136 1283 2163 malo
1303 2136 1387 2174 digni
1404 2141 1470 2162 sunt
1489 2136 1575 2162 multi
1590 2136 1664 2162 sicut
1682 2138 1751 2173 n’pse.
1794 2135 1877 2168 Quia
1895 2141 1936 2162 est
1948 2145 2035 2173 porro

255 2190 277 2225 f
277 2198 468 2215 eeeeeeeee
477 2188 681 2215 tumeliam?
704 2190 768 2225 quis
785 2190 826 2215 sic
845 2189 991 2225 loquitur?
1027 2187 1154 2214 Deinde:
1180 2199 1241 2215 uec
1261 2189 1366 2215 timor
1386 2197 1485 2225 quem
1507 2187 1710 2214 denunciat
1728 2188 1913 2215 inimicas.
1955 2189 2037 2220 Quid

255 2242 343 2278 erqo?
367 2240 403 2266 ab
423 2240 513 2266 amieo
534 2241 616 2267 timor
633 2240 801 2268 denunciari
817 2240 908 2268 solet?
950 2240 1061 2267 Horum
1083 2240 1191 2267 similia
1211 2238 1350 2276 deinceps.
1396 2238 1471 2265 lbid.
1493 2238 1575 2265 xm.
1598 2238 1647 2265 18:
1681 2244 1821 2270 utrum,
1851 2240 1939 2270 dicit,
1971 2240 2036 2266 ele-

254 2293 426 2329 gantius!
452 2293 537 2328 atqui
554 2292 607 2318 hoe
626 2292 700 2318 bello
720 2292 755 2318 de
773 2292 917 2329 eleqantz’a
937 2293 1101 2329 quaeritari
1126 2300 1246 2327 moxque
1266 2300 1292 2318 c.
1316 2291 1368 2317 19:
1395 2296 1426 2317 tu
1444 2300 1531 2327 porro
1551 2301 1585 2317 ne
1600 2292 1686 2327 pios
1709 2291 1821 2327 quidm
1842 2290 1893 2317 sed
1911 2292 2035 2326 piissi-

255 2353 325 2370 mos
345 2343 474 2379 quaeris,
504 2347 532 2369 et
550 2343 628 2380 quod
645 2344 760 2370 verbum
779 2344 891 2370 omnino
911 2343 1023 2369 nullan·
1042 2343 1073 2369 in
1092 2342 1195 2380 linqua
1215 2342 1322 2368 Latina
1341 2346 1396 2373 est,
1423 2351 1526 2368 novata
1545 2341 1666 2369 inducis.
1707 2343 1785 2368 Adde
1804 2341 1910 2368 ibidem
1932 2342 2036 2373 odivit,

255 2406 311 2431 quo
332 2400 408 2422 certe
428 2404 480 2422 nec
501 2394 601 2422 Cicero
620 2404 673 2422 uec
693 2394 840 2431 quisquam
864 2394 1068 2431 elegantiarum
1089 2394 1258 2431 scriptorum
1283 2402 1351 2421 usus
1377 2397 1437 2426 est,
1465 2393 1672 2431 oetavis-ique
1692 2393 1939 2431 exprobrationem
1960 2396 2037 2432 apud

255 2447 373 2474 Sueton.
395 2456 421 2473 c.
440 2446 489 2472 ¹6:
516 2446 559 2473 M.
584 2447 695 2483 quidem
714 2447 873 2473 Antonian-
891 2451 925 2473 υτ
942 2447 1073 2473 insanum
1092 2446 1237 2482 increpat,
1265 2446 1350 2481 quasi
1367 2454 1400 2471 ea
1419 2446 1601 2476 scribentem,
1621 2455 1695 2482 quae
1713 2446 1851 2473 mirentur
1867 2447 1966 2482 potius
1986 2447 2036 2472 ho-

255 2500 342 2525 mines
361 2508 445 2535 quam
465 2497 630 2536 intelliqant
648 2502 701 2525 etc.

312 2549 358 2582 50)
381 2549 473 2575 Instar
492 2550 616 2576 omnium
636 2550 673 2576 sit
690 2549 760 2576 mihi
780 2549 914 2575 lirebsius
933 2549 961 2574 iu
983 2547 1172 2575 Autibarbaro
1189 2556 1216 2582 p.
1240 2546 1273 2571 7:
1298 2556 1353 2572 mm
1373 2548 1546 2583 querit-flerem
1568 2548 1701 2578 1Verssee,
1720 2548 1781 2574 ancl
1799 2548 1889 2574 daher
1909 2549 2034 2576 vars-iek-
