2308 2908
324 288 449 334 vatim,
479 285 542 324 sed
569 287 675 323 etiam
699 299 723 322 a
748 284 939 322 consulari
967 284 1039 322 tali
1062 284 1142 321 viro
1167 289 1310 321 remota
1339 284 1555 321 necessitate
1579 284 1731 333 privata
1759 284 1960 334 impetrare
1983 283 2116 321 debere

323 355 395 401 ait,
434 352 530 402 quod
558 353 677 402 ipsum
704 351 789 389 licet
815 364 958 388 summa
984 364 1067 388 cum
1095 350 1291 388 acerbitate
1317 352 1538 397 insectetur,
1576 356 1750 400 tauquam
1777 351 1941 400 ineptum
1966 351 2014 386 sit
2040 351 2115 400 pri-

321 426 419 457 vatas
456 432 582 468 preces
620 432 703 456 cum
748 418 832 456 loeo
867 417 1057 457 Ciceronis
1099 419 1137 455 in
1174 431 1214 455 re
1252 417 1399 468 publica
1436 416 1615 455 confundi
1636 416 1715 468 ⁷2),
1760 416 1854 454 nihil
1888 424 2009 454 tamen
2045 417 2115 453 nisi

317 487 430 536 ipsius
456 487 665 523 caecitatem
692 486 872 534 ostendit,
911 487 975 537 qui
1006 486 1113 522 Bruti
1140 486 1380 533 sententiam,
1414 486 1445 521 si
1473 484 1711 522 velmaxime
1737 483 1876 532 voluit,
1913 482 2115 534 intelligere

317 559 412 590 certe
441 567 513 590 non
543 554 714 602 potuerit.
780 554 962 590 Nimirum
991 552 1029 589 id
1054 553 1174 602 ipsum
1206 551 1277 588 sibi
1307 552 1448 590 Brutus
1474 558 1648 601 tanquam
1680 551 1882 601 praemium
1909 564 1976 600 pro
2003 550 2113 587 tantis

315 620 392 656 suis
419 620 457 656 iu
484 632 561 657 rem
589 618 773 670 publicam
808 618 993 657 benefieiis
1028 631 1072 656 ac
1109 618 1248 656 meritis
1281 617 1428 670 publice
1456 616 1609 656 concedi
1636 616 1736 665 vult,
1779 630 1826 656 ne
1856 618 1993 656 sororis
2027 629 2113 654 suae

314 686 419 723 liberi
447 692 597 736 propter
624 687 736 737 patris
763 687 899 723 crimen
926 686 1035 723 simul
1063 687 1285 736 puniantur3
1327 685 1426 736 quod
1462 699 1574 735 quum
1609 686 1658 722 ita
1694 691 1816 735 petat,
1854 691 1895 722 ut
1929 686 2112 735 ingratum

312 753 391 790 fore
425 759 590 790 senatum
624 767 782 803 suaeque
813 754 930 803 ipsum
964 752 1131 803 dignitati
1163 753 1290 803 reique
1328 751 1497 803 publicae
1527 751 1635 790 saluti
1669 753 1827 802 pessime
1859 750 2111 790 consulturum

312 834 390 857 esse
418 821 620 872 significet,
661 822 693 857 si
725 820 952 857 liberatorem
986 820 1123 871 patriae
1158 826 1259 857 tanta
1294 821 1492 872 ignominia
1520 820 1701 867 affecerit,
1742 833 1892 871 prorsus
1920 825 2109 856 consenta-

312 901 421 924 neum
449 895 505 924 est
534 902 616 924 eum
642 890 749 924 etiam
777 888 1004 929 consularem
1038 887 1244 938 appellare,
1283 890 1348 938 qui
1372 889 1480 925 saluti
1506 901 1550 925 ac
1578 888 1745 939 dignitati
1772 886 1940 938 publicae
1969 887 2108 937 praeci-

311 968 383 1005 pue
409 955 614 1005 prospicere
643 954 792 1004 debeat3
832 962 873 993 ut
900 956 1038 992 mittam
1066 954 1159 992 haec
1186 955 1234 992 ad
1262 954 1479 993 Ciceronem
1505 954 1639 1002 scribi,
1670 967 1779 1004 quem
1808 958 1951 991 constat
1977 965 2108 990 consu-

311 1022 377 1058 lari
406 1035 473 1059 suo
501 1022 581 1058 loco
606 1028 745 1059 tautum
775 1021 971 1070 tribuisse,
1007 1028 1047 1059 ut
1071 1023 1102 1058 si
1130 1023 1212 1073 quis
1240 1021 1312 1060 boc
1340 1023 1486 1060 nomine
1513 1023 1547 1059 ei
1575 1020 1818 1072 supplicaret,
1858 1021 1918 1057 vix
1943 1020 2110 1057 resistere

310 1102 418 1138 posse
448 1088 644 1126 videretur.

427 1154 670 1194 Absolvimus
698 1157 805 1195 Bruti
831 1158 1001 1208 epistolas
1012 1174 1031 1205 ,·
1063 1170 1217 1208 quarum
1244 1156 1482 1196 Latinitatem
1510 1155 1731 1195 Marklando
1765 1156 1958 1193 maximam
1985 1169 2108 1207 repre-

310 1222 492 1260 hendendi
522 1226 662 1272 copiam
692 1224 902 1273 praebuisse
929 1225 1110 1273 vidimu53
1148 1231 1286 1262 restant
1309 1226 1423 1275 ipsius
1447 1224 1660 1272 Ciceronis,
1702 1223 1808 1273 cujus
1843 1224 1912 1260 etsi
1936 1223 2107 1274 majorem

310 1291 467 1339 rigorem
495 1297 705 1338 exspectare
729 1290 915 1338 debemus,
946 1298 1065 1328 tamen
1088 1291 1149 1327 bic
1177 1305 1323 1341 quoque
1348 1291 1582 1341 epistolarum
1606 1291 1754 1327 licentia
1781 1289 2014 1340 recogitanda
2036 1297 2105 1337 est,

312 1369 405 1405 quae
433 1356 540 1392 modo
569 1357 757 1393 universas
785 1360 962 1395 sermonis
996 1359 1095 1409 leges
1131 1365 1168 1395 et
1200 1359 1300 1394 velut:
1334 1359 1457 1394 vivum
1496 1357 1678 1407 quendam
1713 1357 1923 1393 Latinitatis
1960 1370 2107 1394 sensum

311 1427 453 1468 servet,
494 1434 568 1457 non
602 1428 659 1458 est
693 1436 759 1459 cur
795 1423 840 1460 de
875 1424 1027 1475 singulis
1063 1424 1289 1474 singularum
1317 1435 1450 1459 vocum
1482 1421 1761 1458 auctoritatibus
1789 1422 2013 1473 trepidemus
2032 1424 2104 1476 73).

311 1488 390 1534 Sic,
421 1494 460 1524 ut
488 1490 661 1538 temporis
684 1489 848 1526 ordinem
872 1504 1083 1541 sequamur,
1114 1492 1149 1526 in
1179 1491 1323 1540 prima
1350 1489 1435 1526 libri
1459 1488 1613 1526 secundi
1639 1488 1790 1538 epistola
1818 1503 1892 1526 non
1916 1490 2103 1527 Marklan-

309 1555 396 1592 dum
425 1555 543 1593 solum
572 1554 635 1593 sed
664 1557 770 1593 etiam
798 1557 889 1595 alios
915 1565 951 1595 et
977 1564 1060 1595 ante
1088 1564 1123 1594 et
1151 1563 1231 1606 post
1261 1556 1364 1594 illum
1383 1557 1439 1608 74)
1473 1556 1578 1593 valde
1608 1555 1759 1594 offendit
1786 1570 1857 1594 vox
1885 1556 2100 1608 infideliter,

308 1622 412 1672 cujus
447 1621 589 1658 nullum
618 1629 803 1672 praeterea
837 1623 1042 1673 exemplum
1079 1622 1177 1672 apud
1211 1622 1348 1660 bonum
1385 1624 1600 1673 scriptorem
1636 1628 1775 1669 exstat,
1817 1635 1934 1673 neque
1960 1624 1993 1659 is
2020 1637 2101 1661 sum

306 1689 496 1740 equidem,
538 1690 601 1739 qui
638 1697 788 1740 propter
821 1690 921 1727 bunc
951 1691 1069 1727 solum
1099 1690 1218 1727 locum
1252 1690 1389 1741 ubique
1418 1690 1619 1741 infideliter
1654 1703 1721 1740 pro
1749 1689 1849 1726 mala
1879 1691 1958 1741 fide
1988 1692 2101 1730 scribi

305 1769 413 1806 posse
442 1768 632 1804 censeam,
670 1762 707 1793 at
738 1758 769 1793 si
803 1758 1011 1794 accuratius
1038 1758 1233 1806 inspicias,
1269 1756 1331 1793 hic
1362 1763 1459 1794 certe
1486 1758 1754 1794 excusationem
1781 1758 1943 1794 invenies
1969 1759 2008 1795 in
2035 1772 2100 1809 op-

303 1823 424 1874 posito
459 1822 664 1869 inutiliter,
710 1823 770 1859 cui
805 1822 958 1861 similem
997 1822 1151 1860 formam
1188 1822 1355 1874 quamvis
1390 1822 1597 1860 inusitatam
1635 1827 1784 1874 propter
1818 1823 2098 1862 concinnitatem

303 1891 522 1940 respondere
549 1891 708 1939 scriptor
735 1890 871 1937 voluit,
911 1904 979 1929 nec
1013 1892 1045 1928 si
1081 1890 1170 1940 quid
1205 1889 1252 1926 ad
1284 1890 1522 1927 imitationem
1558 1891 1680 1927 minus
1713 1895 1838 1940 aptum
1871 1897 1949 1939 est,
1992 1891 2098 1942 cujus

361 2051 407 2087 72)
427 2053 563 2079 Remarks
582 2060 613 2089 p.
632 2051 701 2078 188:
723 2051 805 2078 what
826 2050 951 2078 Cicero's
968 2051 1102 2077 consular
1121 2043 1235 2088 diffinisti]
1257 2050 1309 2077 has
1330 2055 1356 2077 to
1378 2049 1414 2077 do
1435 2050 1505 2077 with
1526 2050 1572 2077 the
1592 2049 1705 2086 deserete
1725 2049 1794 2087 osa
1814 2051 1938 2078 ναίων-ἐ
1959 2051 2097 2085 children,

302 2106 324 2130 it
345 2106 368 2130 is
389 2104 511 2139 tlt'ffieult
531 2110 558 2131 to
580 2104 763 2141 apprehemh
795 2104 842 2130 the
861 2109 1009 2141 arqumenl
1028 2113 1112 2130 seems
1134 2108 1161 2130 to
1181 2112 1224 2129 me
1245 2107 1271 2129 to
1293 2103 1326 2128 bc
1346 2102 1385 2139 of
1398 2102 1445 2128 the
1463 2112 1539 2128 same
1557 2102 1700 2138 vaHdity,
1722 2111 1754 2128 as
1773 2102 1806 2138 if
1818 2103 1852 2130 lte
1871 2103 1931 2129 had
1949 2104 2031 2135 said,
2052 2106 2096 2130 lee-

301 2165 383 2181 cause
402 2166 461 2191 you
482 2166 531 2182 are
551 2156 642 2182 about
661 2157 738 2191 εἰκῇ]
760 2156 836 2181 three
852 2164 937 2191 years
957 2154 1007 2181 old
1025 2154 1085 2181 aud
1102 2164 1175 2181 were
1194 2154 1265 2180 born
1285 2158 1316 2180 at
1335 2154 1497 2190 Arpinum!

356 2207 404 2241 73)
426 2209 572 2240 Quantum
592 2207 649 2234 sibi
668 2208 699 2233 in
720 2210 908 2234 extremorum
927 2206 1027 2233 borum
1047 2210 1206 2241 temporum
1227 2206 1358 2242 epistolis
1379 2206 1480 2233 Cicero
1500 2205 1667 2237 indulserit,
1688 2206 1848 2241 fragmenta
1867 2215 1891 2242 a,
1903 2206 2095 2242 grammaticis

300 2263 410 2284 servata
430 2260 553 2290 docent,
577 2263 610 2284 ut
628 2260 664 2284 ad
684 2258 800 2284 Cornel.
824 2259 895 2293 Nep.
918 2267 965 2293 ap.
987 2258 1126 2284 Priscian.
1150 2257 1232 2283 Vnt.
1254 2257 1282 2283 8.
1307 2256 1357 2283 17:
1379 2262 1412 2283 ut
1430 2267 1449 2283 es
1469 2261 1495 2283 te
1515 2256 1702 2294 aggrederer,
1724 2258 1769 2283 vel
1787 2259 1824 2283 ad
1844 2257 1885 2283 M.
1906 2258 1998 2283 filium
2018 2259 2095 2293 apud

300 2311 419 2336 eundem
439 2311 524 2337 V111.
547 2309 592 2336 17.
614 2310 667 2336 96:
698 2315 732 2336 ut
751 2310 906 2339 excellens,
934 2317 1007 2343 quae
1028 2309 1053 2334 si
1072 2309 1102 2334 in
1123 2309 1228 2336 nostris
1247 2308 1430 2342 legerentur,
1451 2311 1588 2343 quantum
1611 2308 1762 2334 clamorem
1783 2316 1915 2335 censores
1934 2308 1984 2334 isti
2002 2312 2093 2334 sustu-

298 2361 419 2387 lissent?
1699 2388 1701 2390 ,

356 2413 403 2445 74)
426 2414 536 2438 Priores
557 2413 686 2438 nominat
705 2412 856 2438 Noltenius
876 2411 1024 2437 Antibarb.
1045 2420 1074 2446 p.
1096 2411 1187 2443 1002,
1217 2413 1291 2437 unde
1318 2411 1394 2437 haud
1421 2412 1481 2437 scio
1501 2420 1537 2436 au
1562 2411 1624 2446 ipse
1644 2409 1830 2436 Marklaudus
1850 2419 1880 2445 p.
1905 2408 1957 2435 116
1984 2410 2091 2442 Vossii,

300 2463 459 2495 Bor-ricmi,
483 2465 602 2490 Cellarii
620 2465 752 2490 notitiam
773 2464 932 2499 acceperit3
961 2464 1037 2489 inter
1056 2464 1229 2490 recentiores
1249 2463 1388 2499 imprimis
1410 2462 1546 2489 Rrebsius
1573 2472 1603 2498 p.
1625 2462 1695 2489 422:
1725 2461 1940 2497 infideliter
1968 2462 2005 2488 ist
2029 2462 2092 2489 selu·

298 2519 363 2550 spii!
383 2516 561 2546 Lateiniseh,
582 2516 715 2543 wiewolal
735 2525 763 2542 es
782 2515 857 2542 auch
878 2516 907 2541 1¹12
928 2515 982 2542 den
1001 2515 1204 2552 vcrdcichtiqen
1223 2515 1340 2550 Brit-fen
1363 2514 1478 2541 Ciceros
1497 2514 1536 2540 ad
1555 2514 1678 2540 Brutum
1699 2513 1863 2539 vorkommt.
