2308 2908
322 333 600 384 displicuerunt:
644 339 760 378 neque
800 325 916 375 maqis
956 323 1123 360 irritatus
1158 329 1251 359 esset
1288 321 1478 358 Antonius
1509 333 1623 373 reqno
1663 321 1859 368 Caesarie,
1906 336 2016 373 quam
2058 325 2105 359 ob

321 400 478 451 ‘jusdem
507 399 657 431 mortem
685 392 881 428 deterritus
890 415 903 436 ,
936 395 990 426 et:
1030 395 1071 425 ut
1101 394 1192 425 esset
1219 389 1398 439 suijuris
1427 390 1478 424 ac'
1500 389 1681 438 mancipii
1709 402 1769 425 res
1795 388 1973 438 publica3
2014 402 2106 440 quo-

318 480 396 504 rum
430 467 468 501 in
495 461 605 512 priori
636 458 794 496 ablativo
830 470 918 495 casu
945 455 1138 494 dicendum
1166 454 1281 493 fuisse
1309 456 1360 492 ait
1388 460 1527 502 morte,
1568 456 1607 492 iu
1639 455 1753 493 altero
1780 461 1899 493 autem
1929 455 2125 510 mancipii,

319 529 534 569 vocabulum
561 539 709 577 prorsus
735 525 892 561 alienum
927 537 1004 560 esse
1030 522 1172 572 judicat
1194 521 1263 570 5⁶).
1320 519 1375 558 At
1404 523 1500 558 enim
1528 534 1614 558 vero
1646 521 1691 558 de
1721 521 1785 558 illo
1819 522 1903 558 vide
1935 535 1981 558 ne
2007 521 2107 558 aliud

317 599 363 634 sit
399 597 444 632 ob
480 599 632 630 mortem
667 592 827 640 alicujus
864 590 1062 633 deterreri,
1101 587 1200 623 aliud
1237 594 1377 634 morte,
1417 588 1449 624 si
1487 587 1633 637 quidem
1666 588 1885 638 praepositio
1921 593 2106 625 externam

319 674 464 701 causam
493 659 675 706 continet,
704 664 851 709 propter
879 668 986 706 quam
1014 658 1131 690 metus
1155 654 1292 703 oritur,
1323 655 1387 706 qui
1414 653 1596 693 hominem
1624 653 1803 702 deterret,
1832 651 2015 691 ablativus
2043 667 2107 691 au-

318 737 389 767 tem
418 727 516 764 velut
542 727 819 762 instrumentum
846 722 1018 768 declarat,
1049 735 1122 771 quo
1149 727 1267 759 terror
1293 722 1470 770 efficitur3
1499 735 1567 759 nec
1593 723 1625 759 si
1651 721 1689 758 id
1716 721 1912 760 discrimen
1940 721 2108 760 subtilius

319 795 653 846 videaturuquam
686 790 782 842 quod
815 790 852 826 in
889 788 1045 840 singulis
1082 788 1258 840 exemplis
1296 787 1404 826 homo
1431 789 1623 826 Romanus
1650 788 1965 838 animadverterit,
2005 790 2107 827 testi·

321 863 442 899 monia
470 860 625 905 desunt,
660 856 791 908 quibus
813 856 1043 906 promiscuus
1071 856 1260 906 utriusque
1288 856 1569 892 constructionis
1597 868 1684 892 usus
1710 853 1898 911 probetur.
1956 856 2022 894 Sic
2043 856 2108 894 Li-

320 930 403 966 vius
430 926 545 964 XXI.
575 924 602 960 2
630 924 675 960 ob
702 923 794 960 iram
820 921 932 970 dixit,
962 921 1026 979 1ῴί
1053 921 1125 960 IV.
1155 920 1233 959 50:
1269 935 1315 959 ne
1345 927 1442 960 mem
1470 923 1725 974 quaestionum
1753 922 1860 973 plebs
1884 923 2014 976 iraque
2043 923 2109 961 tri-

324 996 438 1032 bunos
465 992 619 1028 militum
648 1002 692 1026 ex
716 988 825 1039 plebe
853 994 997 1026 crearet
1007 1003 1020 1037 ,-
1063 990 1118 1025 sic
1148 989 1302 1025 Tacitus
1330 986 1435 1024 Ann.
1466 988 1501 1024 1.
1531 988 1608 1025 68:
1652 1002 1740 1026 raro
1777 1003 1887 1040 super
1922 991 2040 1027 milite
2075 996 2110 1026 et

322 1062 430 1111 quasi
445 1061 491 1096 ob
507 1063 638 1094 metum
657 1056 794 1106 defixo,
824 1070 1012 1106 quumque
1038 1056 1137 1106 apud
1159 1056 1307 1093 Livium
1334 1055 1477 1106 legatur
1497 1056 1694 1095 XXXIV.
1715 1055 1764 1094 4:
1794 1057 1949 1094 diversis
1968 1057 2111 1094 duobus

319 1125 442 1171 vitiis,
481 1122 640 1160 avaritia
667 1127 703 1159 et
731 1121 905 1169 luxuria,
944 1122 1132 1159 civitatem
1159 1122 1356 1169 laborare,
1395 1121 1576 1160 Horatius
1603 1121 1726 1160 Serm.
1751 1121 1786 1158 1.
1816 1121 1859 1159 4,
1890 1120 1948 1159 26
1981 1121 2109 1159 ablati·

320 1205 405 1228 vum
430 1195 466 1226 et
492 1189 792 1238 praepositionem
819 1187 1029 1237 conjunxit:
1063 1194 1127 1225 aut
1154 1190 1201 1224 ob
1230 1190 1428 1225 avaritiam
1453 1170 1522 1225 ’ἆται
1550 1189 1684 1225 misera
1715 1189 1917 1225 ambitione
1945 1188 2108 1234 laborat,

321 1256 382 1294 ubi
407 1254 566 1293 Orellius
601 1254 706 1304 plura
737 1253 899 1304 ejusdem
927 1253 1110 1305 enallages
1142 1247 1307 1305 exempla
1337 1255 1469 1293 attulit.
1527 1256 1586 1293 De
1614 1256 1800 1309 mancipio
1827 1261 1946 1292 autem
1974 1268 2109 1301 raram,

321 1323 513 1369 audacem,
554 1321 774 1372 singularem
801 1320 1051 1372 metaphoram
1079 1334 1160 1359 esse
1192 1321 1300 1359 facile
1326 1321 1510 1369 concedo,
1548 1321 1727 1359 soloecam
1756 1335 1830 1359 non
1856 1323 1962 1370 item,
1992 1334 2112 1372 neque

321 1390 446 1436 video,
472 1388 654 1440 quomodo
679 1389 717 1425 in
744 1389 883 1436 Bruto,
918 1389 983 1437 qui
1010 1388 1134 1425 multis
1157 1389 1195 1424 in
1222 1388 1330 1425 rebus
1359 1402 1380 1425 a
1405 1389 1505 1439 vulgi
1530 1389 1790 1437 consuetudine
1817 1390 1989 1436 recessit,
2019 1389 2112 1425 illud

321 1457 500 1495 offendere
527 1455 663 1506 possit,
701 1454 801 1504 quod
831 1455 870 1490 in
896 1467 1040 1492 summo
1072 1455 1183 1491 animi
1211 1454 1354 1492 fervore
1389 1461 1497 1505 atque
1530 1454 1777 1505 indignatione
1806 1468 1871 1504 per
1905 1455 2110 1492 inusitatam

323 1523 463 1561 dicendi
497 1523 673 1559 rationem
707 1521 906 1557 sententiae
933 1534 1020 1557 suae
1046 1522 1121 1557 vim
1148 1534 1282 1571 augere
1308 1534 1418 1571 quam
1444 1522 1528 1558 trite
1554 1527 1590 1557 et
1622 1521 1817 1571 vulgariter
1844 1520 1945 1571 loqui
1975 1521 2111 1558 malue-

323 1592 370 1627 rit
389 1589 457 1640 57).
514 1589 647 1625 Latine
677 1586 750 1622 dici
777 1587 940 1640 potuisse
967 1587 1028 1622 sui
1054 1587 1235 1636 mancipii
1258 1599 1333 1623 rem
1351 1586 1535 1636 publicam
1562 1599 1653 1634 esse,
1682 1587 1759 1637 ipse
1785 1586 2024 1624 Marklandus
2051 1586 2113 1624 de·

323 1657 535 1693 monstravit
542 1653 722 1691 adhibito
750 1652 894 1690 Seneca
919 1652 964 1689 de
986 1651 1297 1692 Benef.v.19:
1329 1654 1403 1690 mei
1425 1654 1605 1703 mmzcipii
1626 1666 1684 1690 res
1712 1660 1766 1691 est
1774 1681 1787 1700 ,
1815 1653 1909 1690 milei
1929 1667 1988 1691 ser
1991 1659 2111 1701 vatur,

323 1736 391 1761 nec
418 1724 610 1774 quisquam
644 1719 815 1772 negabit,
846 1720 911 1771 qui
937 1718 1036 1771 apud
1066 1718 1186 1757 JCtos
1213 1719 1409 1758 identidem
1441 1719 1590 1772 legerit·
1628 1721 1695 1772 qui
1719 1721 1758 1757 in
1782 1726 1963 1771 potestate
1987 1734 2112 1757 eorum

326 1791 387 1827 vel
412 1803 520 1825 manu
546 1789 792 1836 mancipiove,
824 1788 911 1823 item
938 1799 1095 1837 quorum
1123 1787 1162 1822 in
1186 1792 1369 1835 potestate
1397 1799 1508 1823 manu
1535 1788 1764 1836 mancipiove
1789 1794 1896 1835 suant,-
1929 1794 1970 1824 ut
1992 1794 2111 1825 autem

325 1856 503 1907 suijuris
530 1868 573 1892 ac
600 1855 782 1905 mancipii
806 1853 927 1892 dicere
955 1853 1079 1891 mallet
1114 1866 1224 1905 quam
1253 1853 1406 1890 arbitrii
1429 1857 1494 1890 aut
1517 1854 1729 1904 potes-tatia,
1767 1853 1837 1891 hac
1864 1854 1941 1905 ipsa
1968 1866 2008 1891 re
2034 1867 2112 1891 mo·

326 1931 385 1961 tus
413 1929 492 1970 est,
522 1922 607 1973 quia
629 1927 746 1959 totum
769 1927 1048 1973 argumentum,
1078 1920 1123 1959 de
1148 1935 1223 1973 quo
1247 1919 1428 1971 disputat,
1459 1920 1497 1956 in
1521 1933 1564 1958 eo
1592 1922 1727 1959 versari
1752 1920 1961 1969 videbatur,
1991 1927 2113 1959 utrum

326 2004 383 2027 res
415 1989 561 2039 publica
596 1988 711 2025 libera
743 2002 790 2024 an
825 1988 933 2024 alieni
968 1989 1140 2037 mancipii
1173 1994 1270 2024 esset
1307 2000 1426 2037 neque
1461 1993 1525 2023 aut
1558 1989 1806 2038 magistratum
1841 1995 1905 2025 aut
1935 1988 2112 2025 arbitrum

328 2056 481 2108 aliquem
515 2054 580 2092 sed
611 2053 798 2092 dominum
831 2059 1018 2090 recusaret
1043 2067 1090 2090 au
1118 2054 1307 2103 reciperet.
1375 2051 1495 2090 Paulo
1525 2051 1654 2103 justior
1679 2061 1735 2092 est
1766 2053 1998 2105 reprehensio
2026 2053 2114 2090 alia-

328 2137 408 2161 rum
435 2122 590 2159 duarum
619 2121 829 2171 phrasium:
871 2120 971 2156 nihil
992 2133 1067 2172 qno
1093 2120 1238 2170 expleri
1259 2120 1378 2169 possit
1404 2132 1531 2156 eorum
1560 2122 1751 2169 meritum,
1792 2128 1848 2159 et:
1888 2134 2007 2173 neque
2026 2122 2114 2171 jam

330 2190 500 2227 revocari
523 2190 562 2224 in
587 2188 768 2239 inteqrum
794 2192 935 2238 potest,
966 2186 1101 2238 quibus
1124 2186 1261 2238 aliquid
1288 2183 1567 2237 κακοζηλίας
1556 2200 1675 2225 messe
1698 2187 1806 2226 facile
1835 2189 1975 2239 patior3
2006 2187 2115 2225 falsa-

330 2259 372 2293 rii
397 2263 516 2293 tamen
540 2268 710 2301 manum,
747 2267 854 2321 quem
883 2254 999 2291 aliena
1026 2255 1145 2303 potius
1172 2267 1281 2303 quam
1312 2267 1377 2290 sua
1404 2254 1567 2304 exempla
1594 2256 1697 2305 sequi
1725 2255 2006 2292 consentaneum
2022 2255 2115 2290 suc·

333 2324 391 2369 rit,
422 2336 463 2360 eo
491 2322 613 2358 minus
638 2322 676 2357 in
704 2319 762 2356 his
790 2333 963 2371 agnosco,
994 2333 1067 2370 quo
1092 2319 1240 2357 facilius
1264 2333 1309 2357 ex
1338 2320 1466 2358 usitata
1484 2321 1672 2372 utriusque
1689 2316 1864 2360 sermoffis
1881 2320 2115 2371 praegnantia

392 2446 542 2480 5eafi)nm
544 2448 591 2474 rks
611 2457 640 2483 p.
664 2447 732 2473 43s
720 2456 810 2524 sqq„

393 2497 475 2576 5¹⁴7)
461 2499 503 2524 lbi
507 2500 534 2524 (L
556 2509 585 2534 p.
609 2498 659 2524 4G=
688 2499 747 2534 fio
898 2499 969 2535 rt'ely
991 2499 1063 2577 ofze.
1047 2509 1126 2578 uxr-cp
1193 2508 1280 2534 zyou
1300 2507 1361 2528 see,
1383 2499 1446 2525 that
1468 2498 1543 2525 there
1562 2507 1621 2524 was
1641 2507 1676 2523 no
1697 2500 1775 2523 noant
1794 2496 1861 2531 osa
1879 2505 1982 2532 proper
1999 2497 2114 2533 phrase,

354 2549 455 2576 mola
479 2551 558 2577 ruA
563 2551 625 2577 ιΙιω·
645 2551 715 2578 have
736 2551 784 2578 bec
825 2560 866 2578 σοι
858 2556 902 2578 net
904 2550 1016 2578 ηεοιιιι
1064 2552 1116 2578 rice
1138 2552 1192 2578 like
1212 2551 1291 2579 other
1309 2551 1428 2587 ,ποριεῖ
