2308 2908
1151 159 1233 202 4«)

296 282 428 319 nedum
457 281 569 329 ipsam
602 275 814 325 epistolam,
856 275 893 309 in
927 286 999 323 qua
1033 286 1078 309 ne
1112 271 1320 308 Marklandi
1357 271 1503 321 quidem
1536 271 1723 308 fastidium
1757 272 1956 322 quidquam
1985 277 2091 311 naevi

295 346 542 396 investigavit,
584 347 730 391 propter
762 339 858 376 hanc
890 339 1004 376 solam
1034 352 1182 375 causam
1211 339 1306 375 inter
1338 339 1480 388 spurias
1515 337 1687 389 relegem.
1754 338 1850 375 Mihi
1877 340 1971 376 enim
1999 341 2091 377 illud

296 414 439 465 quidem
473 409 581 446 facile
618 407 879 457 persuadetur,
922 413 962 443 ut
994 405 1091 456 apud
1124 405 1258 442 bonum
1295 405 1509 454 scriptorem
1543 406 1756 454 quantitatis
1789 405 2090 455 significationem

296 495 365 516 non
395 476 548 520 habere,
590 487 800 524 quanquam
829 472 938 523 hujus
970 485 1114 522 quoque
1142 485 1254 507 unum
1290 477 1388 507 certe
1420 471 1624 521 exemplum
1657 473 1693 507 in
1727 478 1872 520 promtu
1898 479 1951 509 est
1978 472 2091 509 Plinii

294 548 394 582 Hist.
424 545 512 580 Nat.
542 542 669 578 praef.
702 541 741 593 S.
771 541 822 577 5:
863 553 930 576 nee
959 539 1158 590 quidquam
1185 539 1223 573 in
1253 544 1287 574 tc
1315 538 1469 574 mutavit
1491 538 1668 589 fortunae
1694 537 1925 587 amplitudo,
1952 540 2027 576 nisi
2052 545 2091 575 ut

291 614 465 664 prodesse
493 611 708 647 tantundem
734 622 860 660 posses
890 613 930 643 ut
957 605 1094 653 vellem,
1134 611 1172 641 at
1205 606 1242 641 in
1270 620 1344 656 quo
1372 606 1481 642 totius
1513 606 1735 656 quaestionis
1769 605 1881 643 cardo
1908 613 2088 653 versatur,

293 681 477 732 quiditatis
503 677 804 729 significationem
834 677 870 711 in
898 674 996 709 hunc
1031 672 1150 709 locum
1180 686 1253 709 non
1289 673 1439 719 cadere,
1481 673 1517 709 id
1546 686 1632 710 vero
1660 686 1766 709 nemo
1793 672 1914 710 adhuc
1943 674 2091 711 demon-

293 749 440 795 stravit3
485 745 584 796 quod
612 744 728 781 donec
757 744 893 780 factum
917 741 986 786 sit,
1026 739 1192 791 equidem
1222 739 1416 786 mendum,
1457 740 1488 776 si
1516 739 1613 790 quod
1643 739 1771 786 lateat,
1812 741 1849 776 in
1885 740 2091 791 praedicato

293 816 413 865 potius
434 812 534 863 quod
549 817 602 847 est
620 816 741 847 tantus
760 821 946 858 quaeram,
975 820 1093 857 neque
1112 814 1230 843 tamen
1249 806 1306 843 vel
1325 806 1395 844 hoc
1414 820 1562 844 necesse
1581 806 1699 844 habeo
1718 809 1864 854 mutari,
1895 809 1926 844 si
1945 808 2091 858 quidem

293 882 508 931 quantitatis
534 892 677 928 quoquc
710 876 928 913 vocabulum
964 888 1031 923 pro
1060 874 1266 924 praedicato
1301 874 1386 910 addi
1423 881 1583 923 poterat:
1629 881 1670 910 ut
1704 888 1741 911 es
1775 880 1815 911 tu
1849 875 1930 911 scil.
1970 881 2092 912 tantus

295 949 352 985 vir
376 952 552 999 quantum
580 945 744 981 videmus
772 942 831 979 vel
858 942 1028 979 novimus
1056 947 1127 978 etc.
1186 941 1251 978 Sic
1278 940 1323 977 ad
1347 941 1480 978 Famil.
1508 941 1602 978 ΧΠ.
1635 939 1715 977 20:
1754 942 1855 992 quod
1881 942 1935 988 si,
1971 947 2012 978 ut
2037 955 2089 989 es,

295 1014 477 1058 cessabis,
510 1012 708 1056 lacessam,
745 1009 807 1045 ubi
835 1009 960 1046 itidem
990 1008 1073 1044 cod.
1104 1008 1265 1044 Palatini
1293 1007 1460 1044 librarius
1489 1008 1694 1044 addendum
1724 1010 1866 1044 censuit
1893 1008 2089 1056 delicatus,

294 1081 384 1118 nihil
412 1088 530 1117 tamen
563 1078 685 1125 deest,
732 1076 840 1113 modo
868 1081 1005 1122 ex'co,
1044 1076 1143 1126 quod
1172 1076 1358 1126 sequitur,
1402 1076 1559 1112 cessabis
1592 1075 1638 1111 ad
1669 1081 1711 1111 ut
1746 1089 1784 1111 es
1816 1075 1987 1126 suppleas
2016 1090 2091 1112 ces—

293 1156 416 1196 sator,
458 1160 524 1183 nec
553 1147 660 1182 nimis
692 1145 835 1182 diverso
867 1144 1033 1194 exemplo
1062 1144 1155 1180 Vll.
1186 1141 1265 1179 52:
1312 1143 1380 1179 illa
1417 1144 1581 1194 (μιιιηιυιέ
1615 1143 1780 1180 ridicula
1815 1150 1955 1190 essent,
1997 1144 2092 1180 sieut

297 1222 423 1262 erant,
462 1214 555 1251 mihi
582 1220 704 1251 tamen
728 1214 843 1249 risum
871 1226 946 1249 non
974 1217 1189 1259 ‚novet-unt,-
1227 1210 1334 1247 modo
1364 1211 1473 1261 igitur
1500 1212 1549 1247 ita
1577 1217 1739 1247 nostrum
1766 1210 1886 1247 locum
1912 1210 2091 1262 intelliga-

299 1298 402 1330 mus,
441 1289 479 1319 ut
506 1295 577 1318 non
607 1279 864 1331 magnitudinis
892 1279 1043 1326 modus,
1082 1277 1146 1316 sed
1177 1278 1316 1315 virtutis
1344 1284 1405 1314 aut
1434 1278 1628 1328 sapientiae
1655 1277 1844 1315 admiratio
1872 1277 2090 1325 declaretur,

298 1366 370 1402 qua
398 1350 530 1387 Cicero
555 1349 712 1384 Brutum
740 1353 878 1383 tantum
907 1349 1039 1393 virum,
1069 1353 1229 1396 quantus
1258 1345 1435 1391 videatur,
1467 1360 1591 1382 revera
1616 1360 1694 1382 esse
1724 1345 1919 1394 praedicet,
1951 1348 2094 1395 utrique

296 1415 477 1455 vocabulo
507 1427 571 1450 sua
600 1415 655 1449 vis
681 1412 874 1449 constabit.
933 1413 991 1449 De
1019 1413 1147 1448 ceteris
1177 1417 1298 1448 autem
1326 1411 1435 1461 hujus
1464 1411 1548 1448 libri
1572 1411 1731 1461 epistolis
1756 1424 1849 1460 quae
1876 1411 2094 1448 Marklando

296 1481 549 1535 respondenda
576 1486 733 1527 restant,
764 1479 937 1530 pleraque
964 1494 1009 1517 ex
1036 1493 1079 1517 eo
1110 1493 1242 1530 genere
1271 1486 1379 1527 sunt,
1411 1486 1450 1517 ut
1477 1478 1663 1530 ambigas,
1704 1492 1748 1515 ne
1774 1477 1835 1515 ille
1862 1479 1979 1515 sciens
2007 1494 2093 1529 pru-

297 1553 486 1602 densque,
533 1562 627 1599 quae
655 1555 738 1585 ante
774 1546 885 1598 pedes
914 1554 1059 1594 essent,
1101 1547 1222 1584 videre
1251 1547 1419 1584 noluerit.
1487 1546 1599 1583 Velut
1633 1548 1669 1582 in
1705 1545 1856 1596 epistola
1889 1547 2094 1583 secunda

295 1618 393 1670 quod
421 1619 459 1654 in
485 1616 544 1653 his
574 1614 714 1652 verbis:
757 1616 875 1666 maqis
903 1615 998 1651 milii
1019 1615 1203 1665 probatur
1230 1614 1388 1651 militum
1415 1615 1592 1651 severitas
1618 1628 1728 1665 quam
1760 1619 1847 1659 tua,
1885 1613 2095 1652 clementiae

292 1689 367 1723 sive
393 1684 550 1722 lenitatis
578 1684 799 1720 mentionem
829 1681 1032 1728 desiderat,
1064 1695 1173 1732 quam
1202 1681 1335 1718 Cicero
1362 1682 1399 1717 in
1427 1681 1546 1717 Bruto
1573 1680 1814 1730 reprehendat
1833 1680 1911 1731 88),
1944 1695 2095 1731 prorsus

294 1754 418 1793 eadem
447 1750 629 1789 cavillatio
661 1756 736 1797 est,
772 1763 844 1800 qua
871 1750 908 1787 in
936 1749 1008 1786 illis
1036 1762 1103 1800 pro
1132 1748 1239 1786 domo
1268 1761 1303 1785 c.
1331 1747 1409 1785 45:
1446 1748 1547 1800 quod
1571 1753 1666 1784 esset
1691 1748 1835 1798 siquam
1863 1750 1980 1800 maqis
2008 1750 2095 1787 isto·

292 1836 373 1858 rum
401 1833 512 1872 quam
537 1817 712 1868 publicae
741 1816 946 1863 libertatis,
985 1831 1024 1866 p.
1051 1815 1139 1852 505
1168 1817 1340 1853 licentiae
1371 1815 1589 1852 vocabulum
1613 1815 1741 1851 abesse
1768 1817 2002 1863 criminatur,
2033 1817 2097 1853 ubi

292 1890 456 1941 apposite
487 1886 676 1924 Gesnerus
713 1898 751 1935 p.
778 1882 888 1921 265:
930 1886 966 1922 si
999 1885 1211 1935 conjectura
1248 1884 1319 1921 tali
1352 1897 1514 1921 errorem
1550 1883 1791 1920 librariorum
1828 1885 2096 1922 emendandum

294 1962 436 2002 censet,
475 1958 662 1998 transeat,
703 1957 824 2001 potest
858 1951 967 2002 fieri,
1005 1951 1073 1987 sed
1105 1952 1140 1987 si
1174 1964 1219 1988 ex
1259 1951 1329 1987 illa
1368 1951 1692 2001 comprehensione
1720 1951 1904 1988 libertatis
1932 1951 2093 2002 eolliqit,

295 2038 380 2075 erqo
414 2022 547 2059 Cicero
587 2033 663 2055 non
698 2019 848 2068 scripsit
883 2018 980 2054 Itane
1018 2019 1247 2063 orationem,
1292 2018 1489 2054 leviculum
1524 2024 1577 2054 est
1613 2025 1648 2054 et
1678 2019 1796 2069 facile
1832 2013 2093 2069 refellendum,

294 2104 404 2142 quum
432 2087 531 2125 nihil
557 2088 605 2123 sit
632 2085 886 2137 frequentius,
926 2097 1037 2135 quam
1065 2085 1214 2120 verbum
1240 2098 1351 2120 uniam
1381 2084 1574 2135 inaequali
1600 2084 1700 2121 velut
1722 2086 1815 2136 jure
1845 2086 1897 2122 ad
1928 2086 2002 2121 duo
2031 2098 2097 2122 no-

292 2160 416 2204 mina,
451 2162 516 2193 aad
548 2155 623 2191 duo
655 2153 707 2190 ad
735 2167 849 2191 ,numm
877 2165 1009 2189 nomen
1042 2152 1155 2189 verba
1184 2152 1321 2204 referri
1329 2168 1342 2200 ,-
1381 2153 1418 2188 in
1448 2156 1571 2189 nostro
1599 2165 1685 2189 vero
1710 2151 1793 2190 loco
1817 2153 1924 2190 etiam
1949 2166 2095 2204 compa-

293 2225 397 2261 rativi
427 2224 500 2259 vim
530 2220 735 2272 ignoravit,
775 2218 880 2269 cujus
910 2220 1047 2269 passim
1082 2232 1122 2256 ea
1151 2226 1278 2256 natura
1307 2225 1383 2265 est,
1415 2225 1455 2255 ut
1487 2219 1669 2266 animum,
1707 2225 1746 2256 ut
1769 2219 1950 2256 Nitzschii
1977 2219 2096 2256 verbis

293 2299 374 2328 utar
408 2290 454 2327 ad
485 2288 586 2326 Plat.
621 2287 703 2324 Ion.
742 2300 779 2336 p.
807 2284 885 2333 59,
929 2300 952 2322 a
986 2287 1168 2323 contrarii
1202 2286 1427 2337 eoqitatione
1462 2292 1629 2333 revocet,
1670 2285 1709 2323 h.
1739 2300 1773 2323 e.
1811 2300 1885 2324 non
1920 2285 2092 2337 maiorem

351 2417 400 2451 88)
422 2418 556 2443 Remarks
576 2427 605 2452 p.
631 2415 699 2442 187:
739 2415 785 2440 the
809 2415 929 2449 severity
955 2414 993 2449 of
1016 2414 1122 2440 Brutus
1147 2423 1206 2440 was
1230 2423 1302 2439 nane
1328 2418 1360 2439 at
1385 2413 1445 2444 all,
1477 2413 1535 2439 and
1555 2412 1602 2438 the
1620 2417 1700 2438 luant
1719 2413 1794 2448 ol'it
1813 2414 1839 2438 is
1858 2413 1904 2438 the
1922 2422 1990 2449 very
2012 2414 2093 2451 thing

297 2469 389 2495 which
413 2468 511 2495 Cicero
535 2469 640 2494 blames
661 2469 691 2494 in
712 2467 769 2493 him
793 2466 857 2492 here
877 2465 935 2491 and
955 2467 986 2491 in
1006 2465 1087 2491 other
1103 2466 1200 2502 places
1222 2485 1229 2492 .
1253 2485 1259 2490 .
1284 2485 1290 2490 .
1320 2466 1383 2491 how
1412 2465 1481 2491 thau
1509 2473 1561 2490 can
1587 2464 1633 2490 the
1656 2464 1776 2498 severity
1797 2464 1836 2500 of
1847 2464 1973 2495 Brutus,
1999 2465 2094 2492 which

297 2531 353 2546 was
375 2530 463 2549 noue,
492 2529 565 2546 corne
586 2522 644 2547 iulo
666 2530 724 2555 any
746 2520 924 2555 comparison
942 2518 1013 2544 with
1035 2518 1098 2544 that
1117 2518 1154 2552 of
1168 2517 1212 2544 his
1233 2517 1371 2543 soldiers?
