2421 2972
1146 200 1184 248 ’ἵ

261 314 334 353 bus
361 328 471 352 uuam
496 310 690 353 alteramve
714 328 736 352 a
764 314 1024 365 Ruhnkenio,
1042 315 1244 364 Schiitzio,
1274 315 1492 354 Drumanno
1515 315 1738 354 infirmatam
1766 327 1872 364 esse,
1910 314 2012 365 qnod
2040 317 2071 352 si

261 382 362 420 sacili
389 384 533 434 negotio
559 381 797 420 demonstrari
824 389 946 434 potest
971 384 1231 434 plerorumque
1244 407 1257 429 ,
1295 395 1390 432 quae
1417 383 1470 420 illi
1498 383 1754 434 disputarunt,
1794 382 1952 421 eandem
1979 394 2071 420 cou-

262 449 443 490 dicionem
470 463 574 499 esse,
614 456 677 499 ut,
715 449 824 490 modo
850 451 1034 500 excutias,
1072 455 1149 489 tota
1176 449 1320 502 species
1360 451 1529 501 quamvis
1563 449 1770 489 incredibili
1804 448 2007 502 cupiditate
2034 455 2072 488 et

260 518 407 555 solertia
435 518 589 555 conflata
619 517 802 555 dilabatur
827 524 938 568 atque
971 523 1192 565 evanescat,
1232 518 1343 555 etiam
1371 518 1403 553 si
1437 517 1498 554 vel
1531 518 1688 555 maxime
1715 531 1847 555 sensus
1872 531 1978 556 meus
2010 530 2071 555 me

260 584 453 634 fefellerit,
493 584 584 623 illud
609 584 736 623 saltem
761 584 1009 634 lucrabimur,
1039 591 1081 623 nt
1107 585 1172 637 qui
1199 584 1354 637 posthac
1381 583 1530 622 illorum
1556 584 1763 635 exemplum
1790 585 1897 636 sequi
1925 585 2066 636 cupiat,

233 677 237 682 -
259 652 330 690 alia
365 658 401 691 et
429 654 583 691 certiora
610 651 745 690 indicia
771 651 946 690 adbibere
972 657 1147 704 cogatur,
1185 651 1321 704 quibus
1348 665 1422 690 non
1451 652 1560 689 unius
1587 651 1742 703 alicujus
1769 652 1966 700 vocabuli,
2001 651 2068 690 sed

257 720 390 772 integri
416 719 501 758 libri
529 719 638 758 fidem
666 720 825 772 frangat.
882 720 971 758 Hoc
1007 725 1130 758 autem
1165 719 1360 758 consilinm
1397 720 1566 771 quamvis
1604 718 1670 757 din
1707 719 1926 757 destinatum
1962 718 2067 771 quod

259 800 358 825 nunc
390 788 614 838 potissimum
641 789 790 840 exsequi
817 789 981 835 institui,
1019 801 1133 839 quum
1166 786 1214 824 ad
1241 787 1434 835 Vestram,
1472 786 1556 825 Viri
1583 786 1854 834 Illustrissimi,
1891 786 2067 825 laetitiam

257 853 480 893 saecularem
516 861 660 894 nostrae
695 868 843 907 qnoque
877 854 1074 894 voluntatis
1107 854 1397 894 testificationem
1432 855 1563 893 afferre
1592 853 1724 906 jussus
1758 867 1863 902 sum,
1907 853 1946 891 id
1978 867 2068 892 vero

256 920 431 973 pervelim
458 920 577 961 Vobis
604 933 719 974 aeque
743 928 888 975 gratnm
919 927 956 961 et
988 927 1180 974 acceptum
1214 935 1317 970 esse,
1354 928 1396 961 ut
1427 921 1517 960 mihi
1549 922 1620 960 ista
1655 921 1824 959 invitatio
1856 926 2066 972 opportuna

256 995 367 1040 atque
393 988 593 1027 honorifica
620 991 698 1027 visa
725 995 780 1027 est
781 1003 803 1043 3
842 990 908 1040 qui
943 991 1021 1028 sive
1055 996 1278 1040 spectatores
1314 990 1480 1028 faventes
1513 996 1550 1028 et
1580 989 1782 1028 benevolos
1819 989 2066 1027 contentionis

256 1069 357 1094 meae
387 1062 539 1107 expeto,
569 1057 631 1094 vix
657 1055 747 1095 alios
775 1056 919 1106 fraudi,
950 1056 1193 1106 cavillationi,
1223 1058 1375 1096 astutiae
1404 1058 1625 1097 inimiciores
1649 1057 1859 1104 inveniam,
1897 1056 1976 1094 sive
2004 1054 2064 1106 jn·

255 1122 356 1160 dices
390 1136 548 1173 quaero,
589 1123 710 1161 nullos
743 1124 851 1171 novi,
890 1137 1046 1175 quorum
1080 1129 1270 1162 assensum
1307 1126 1481 1175 consequi
1516 1125 1667 1172 malim,
1711 1137 1824 1175 qnam
1860 1136 1989 1161 eornm
2016 1136 2063 1160 ex

254 1190 390 1228 Vestro
417 1202 592 1239 numero,
634 1191 699 1242 qui
724 1189 792 1228 bas
819 1191 918 1242 ipsas
945 1191 1069 1228 literas
1096 1190 1325 1243 intelligunt3
1368 1198 1575 1243 postremo,
1612 1192 1646 1227 si
1674 1191 1765 1242 qnid
1792 1189 1905 1227 modo
1927 1189 1975 1227 de
2002 1203 2062 1226 me

252 1271 400 1308 sperare
433 1258 562 1305 liceat,
599 1264 853 1308 argumentum
882 1265 981 1296 certe
1015 1273 1091 1297 non
1118 1259 1227 1297 facile
1251 1260 1432 1297 illustrius
1459 1259 1642 1298 Vestrove
1675 1257 1873 1309 splendore
1909 1257 2061 1309 dignius

255 1324 433 1374 exstabit,
464 1338 574 1378 quam
601 1325 635 1363 si
661 1338 727 1377 per
755 1325 908 1364 istorum
935 1324 1152 1365 solemnium
1179 1326 1408 1365 occasionem
1437 1330 1542 1365 vetus
1569 1329 1717 1364 centnm
1749 1339 1931 1366 annorum
1959 1324 2060 1378 inju-

254 1394 308 1430 ria
335 1392 486 1444 rependi
515 1406 559 1429 ac
583 1393 752 1429 resarciri
775 1399 904 1443 coepta
926 1393 1050 1430 fuerit.
1106 1393 1207 1430 Illud
1234 1400 1374 1431 tantum
1402 1393 1532 1441 doleo,
1572 1393 1672 1444 quod
1699 1399 1774 1431 tam
1800 1408 1884 1432 sero
1912 1393 1960 1430 ad
1988 1406 2059 1431 nos

254 1462 415 1499 nuncius
441 1460 487 1499 de
515 1459 757 1499 saecularium
784 1459 1003 1499 Vestrorum
1036 1459 1164 1499 diebus
1198 1461 1359 1512 perlatus
1393 1468 1468 1509 est,
1512 1466 1554 1500 ut
1586 1460 1690 1500 brevi
1724 1462 1900 1513 temporis
1937 1461 2058 1512 spatio

253 1527 421 1566 inclusus
449 1533 561 1566 totam
584 1528 833 1580 quaestionem
858 1528 953 1565 intra
980 1526 1089 1580 hujus
1113 1526 1227 1565 libelli
1253 1527 1345 1565 fines
1370 1527 1558 1566 absolvere
1581 1542 1656 1567 non
1683 1530 1891 1581 potuerim3
1930 1529 2058 1579 itaque

254 1609 368 1632 unum
395 1595 474 1646 ejus
500 1595 623 1633 locum
650 1596 785 1647 selegi,
822 1596 887 1646 qni
921 1602 962 1632 nt
992 1595 1040 1632 ad
1072 1595 1412 1632 demonstrationem
1445 1597 1702 1647 planissimus,
1740 1598 1789 1633 ita
1823 1596 1872 1633 ad
1908 1609 2056 1633 omnem

253 1662 354 1700 illam
380 1663 679 1714 perversitatem,
715 1676 827 1714 quam
854 1661 1022 1712 superius
1048 1662 1086 1698 in
1114 1660 1334 1699 adversariis
1361 1662 1601 1713 reprehendi,
1636 1662 1913 1715 intelligendam
1940 1663 2057 1714 aptis-

251 1729 366 1767 simus
391 1735 468 1779 est3
499 1742 567 1768 nec
594 1730 627 1767 si
651 1730 690 1767 in
712 1729 870 1780 plurima
893 1728 973 1780 ejus
996 1734 1098 1779 parte
1122 1741 1207 1767 cum
1234 1729 1455 1768 Marklando
1484 1730 1592 1769 nobis
1616 1744 1676 1769 res
1701 1731 1786 1779 erit,
1819 1731 1944 1768 minus
1971 1728 2057 1768 ideo

250 1795 438 1833 Tunstalli
470 1797 656 1848 ingenium
683 1797 743 1835 vel
768 1797 808 1833 in
836 1796 984 1847 paucis,
1014 1809 1108 1846 quae
1135 1809 1181 1833 ex
1209 1795 1281 1833 hoc
1301 1810 1435 1848 genere
1460 1797 1605 1845 attulit,
1634 1796 1842 1849 apparebit.
1900 1796 2057 1835 Scilicet

250 1864 447 1915 plurimum
476 1864 537 1901 hic
561 1877 693 1915 operae
718 1865 756 1901 iu
787 1877 830 1901 ea
856 1877 896 1901 re
923 1865 1067 1914 posuit,
1097 1870 1138 1901 ut
1164 1870 1241 1901 tum
1268 1878 1389 1902 mores
1416 1871 1454 1902 et
1480 1866 1701 1913 sententias,
1732 1872 1810 1903 tum
1843 1879 1904 1903 res
1929 1870 2054 1917 gestas

250 1944 449 1981 earumque
475 1939 661 1982 tempora,
696 1931 818 1981 qualia
844 1932 882 1967 in
910 1930 968 1967 his
994 1931 1157 1980 epistolis
1184 1930 1465 1979 describuntur,
1505 1939 1571 1970 aut
1604 1934 1699 1971 inter
1725 1947 1766 1971 se
1798 1940 1863 1971 aut
1891 1946 1977 1970 cum
2007 1933 2054 1970 iis

251 2011 344 2050 quae
378 1998 524 2036 aliunde
560 2004 728 2036 constant
754 2010 918 2049 pugnare
953 1995 1184 2045 ostenderet3
1226 1996 1325 2048 qnod
1359 1999 1430 2036 etsi
1457 2013 1525 2037 nec
1545 1984 1631 2038 ⁵lide
1663 2013 1732 2038 nec
1766 1998 1957 2051 diligentia
1990 2004 2055 2037 aut

248 2066 429 2117 aequitate
455 2065 590 2118 majore
615 2065 703 2104 fecit
730 2078 840 2117 quam
867 2078 940 2117 qua
966 2065 1006 2102 in
1033 2070 1193 2103 extrema
1220 2063 1533 2105 Observationum
1560 2073 1662 2119 parte
1686 2067 1864 2106 sermonis
1893 2066 2052 2104 formam

250 2138 286 2171 et
317 2132 510 2171 verborum
537 2146 644 2170 usum
671 2131 924 2184 reprehendit,
963 2131 1176 2183 ampliorem
1203 2138 1327 2170 tamen
1349 2133 1541 2171 refellendi
1566 2135 1839 2173 continuitatem
1866 2132 2050 2185 postulat3

252 2264 349 2281 earum
368 2256 514 2282 veritatem
530 2253 658 2292 proferri
673 2263 757 2291 posse
775 2254 900 2285 diceret;
931 2253 1029 2279 eadem
1049 2256 1145 2279 tumen
1164 2254 1281 2290 negavit
1299 2255 1412 2281 scilieet
1438 2258 1497 2281 tam
1523 2255 1650 2282 breviter
1675 2255 1780 2291 exponi
1805 2263 1910 2291 posse,
1941 2257 1974 2280 ut
1999 2254 2054 2280 illo

249 2306 315 2333 loeo
333 2315 393 2333 rem
412 2307 569 2341 transigere
589 2314 755 2333 eoncessum
774 2309 867 2338 enet5
887 2314 981 2341 neque
1000 2306 1058 2331 alia
1077 2314 1164 2332 causa
1182 2306 1272 2332 rui-se
1292 2307 1405 2333 videtur
1425 2306 1568 2339 Ulrieliii,
1596 2316 1680 2343 quem
1699 2307 1733 2333 F.
1754 2310 1787 2333 Α.
1810 2306 1933 2332 Wolfius
1953 2310 2055 2332 narrat

249 2358 406 2395 aliquando
426 2358 501 2385 idem
521 2366 592 2395 opus
611 2366 810 2394 aggressurum
828 2357 936 2390 fnium
965 2358 1006 2384 cf.
1027 2357 1111 2385 Anni.
1133 2358 1168 2385 T.
1191 2358 1233 2391 11,
1252 2367 1284 2396 p.
1306 2357 1378 2386 381:
1408 2358 1490 2386 Ganz
1509 2359 1614 2387 andere
1632 2359 1750 2397 klinqen
1766 2358 1885 2395 fremet·
1904 2357 1951 2386 aie
1970 2358 2053 2395 Epp.

252 2410 316 2438 Ct'e.
338 2411 378 2437 nd
396 2411 519 2438 Brutum
539 2415 567 2437 et
584 2410 636 2436 ΒΥ.
657 2409 697 2437 ad
717 2409 781 2437 cce.
792 2429 802 2441 ,
829 2414 974 2437 woranter
992 2410 1087 2447 eim'qe
1111 2411 1144 2437 ίκ
1161 2411 1288 2438 Alm‘eu
1312 2411 1362 2438 des
1379 2412 1453 2439 Stil:
1472 2412 1541 2449 :uss
1561 2412 1691 2439 seu-ne
1710 2411 1849 2449 qen-athen
1868 2411 1945 2437 sind.
2000 2411 2053 2437 Um

248 2472 279 2489 so
301 2461 484 2490 helein-emin·
501 2461 577 2490 wira
595 2461 641 2489 die
659 2461 757 2489 Rn‘h’k
774 2471 860 2498 seyn,
885 2471 969 2489 wem
999 2461 1073 2489 aller
1097 2461 1222 2490 dau-fiber
1245 2471 1302 2490 υοιι
1329 2462 1384 2490 deu
1406 2463 1600 2502 Enylindern
1626 2462 1819 2491 Verba-saeue
1844 2471 2054 2500 zusamme-

250 2514 353 2542 braeht
377 2514 438 2541 und
458 2516 512 2542 mit
538 2514 593 2541 den
619 2514 756 2551 κὸεῆἰςεη
778 2513 920 2541 luscium
948 2514 1102 2542 bere-'chere
1125 2514 1219 2546 wira,
1251 2516 1306 2542 wie
1325 2516 1400 2544 eiust
1417 2516 1475 2544 Hr.
1496 2516 1578 2554 Prof.
1603 2515 1704 2544 Uln'ek
1722 2525 1757 2543 zu
1780 2514 1889 2542 lirici
1908 2514 2053 2545 vot-katte,

249 2565 304 2593 den
322 2567 378 2593 wir
396 2567 497 2594 leieneie
514 2577 553 2594 an
571 2567 667 2594 :einen
689 2566 718 2593 V
715 2570 807 2594 orsatz
825 2565 1086 2603 frnmdselutfili'eh
1103 2568 1235 2595 erinnem
1254 2567 1371 2595 wollen-
