2308 2908
260 293 343 327 rer,
382 278 558 315 curiosius
584 276 621 311 in
649 279 723 310 tam
750 271 862 308 mirae
889 268 1202 306 condemnationis
1229 280 1361 305 causas
1386 268 1572 318 inquirere
1602 280 1801 319 aggressus
1826 276 1965 311 tantam
1991 273 2058 311 ad-

263 346 503 383 versariorum
530 343 607 377 sive
636 338 854 376 calumniam
878 336 956 373 sive
981 335 1163 373 levitatem
1196 333 1442 384 deprehendi,
1480 340 1657 385 quantam
1684 335 1747 372 vix
1777 335 1921 373 animus
1952 341 2055 389 cupi·

261 412 370 450 ditate
396 413 607 447 occaecatus
634 417 810 444 excusare
837 407 984 455 posset,
1014 400 1116 439 nefas
1140 400 1220 438 sore
1247 399 1355 449 duxi,
1386 401 1457 438 nisi
1485 399 1677 439 doctorum
1704 400 1833 440 oeulos
1859 402 2058 455 aliquando

260 480 305 515 ad
330 479 495 514 miserum
520 473 662 511 exulem
687 485 915 509 revocassem
942 472 1215 519 instauratoque
1235 467 1374 518 judicio
1397 467 1489 506 illud
1511 474 1609 506 certe
1631 468 1829 520 disceptari
1846 471 2054 523 jussissem,

259 559 346 583 num
373 557 414 581 ea
440 545 675 593 argumenta,
716 537 851 590 quibus
876 537 964 575 artis
991 536 1137 574 criticae
1164 540 1241 573 tum
1274 548 1406 573 aurora
1439 540 1610 574 contenta
1637 535 1730 585 fuit,
1768 535 1880 589 hujus
1909 552 2058 591 quoque

259 613 384 650 aetatis
411 608 629 647 meridianae
656 606 733 644 luci
758 605 952 643 sufficiant.
1007 604 1104 641 Nam
1132 609 1173 640 ut
1205 602 1326 640 dicam
1355 602 1455 654 quod
1488 604 1629 652 sentio,
1668 617 1776 642 nemo
1803 619 1954 656 eorum,
1992 608 2079 659 qui>

258 680 303 718 ad
331 679 428 715 hunc
456 688 574 726 usque
607 674 701 711 diem
728 685 833 710 secus
865 671 910 708 de
937 670 996 708 his
1023 669 1186 721 epistolis
1214 671 1491 720 existimarunt,
1531 671 1579 709 ad
1607 684 1688 709 eam
1715 674 1964 723 quaestionem
1991 681 2056 713 aut

259 750 468 795 incorrupta
503 742 673 793 opinione
705 745 769 776 aut
795 737 877 775 data
904 751 1013 788 opera
1041 744 1104 775 aut
1127 737 1270 776 idoneis
1295 738 1470 776 subsidiis
1497 740 1697 777 instructus
1723 741 1925 779 accessisse
1952 742 2054 780 vide·

258 821 337 861 tui-3
368 823 525 864 quorum
552 808 744 860 plerosque
771 810 1053 843 consentaneum
1081 811 1137 842 est
1164 805 1356 843 Tunstalli
1380 805 1666 858 Marklandique
1690 805 1821 856 libros,
1851 809 2056 847 rarissimos

257 880 339 918 illos
364 884 401 917 et
428 877 616 929 peregrina
640 874 763 924 lingua
791 873 1045 923 conscriptos,
1075 885 1122 909 ne
1145 873 1264 910 oculis
1291 873 1439 924 quidem
1461 887 1625 925 unquam
1651 887 1869 925 usurpasse3
1907 878 1966 914 sin
1991 878 2058 927 qui

258 948 450 991 viderunt,
488 949 550 980 aut
586 941 866 979 taediosissimae
901 939 1157 991 disputationis
1190 940 1344 979 salebris
1376 947 1412 979 et
1440 940 1657 992 ambagibus
1690 941 1876 994 defetigati
1904 945 1942 981 in
1976 945 2057 995 ipso

258 1015 393 1052 itineris
421 1012 492 1048 fine
521 1008 780 1059 acquieverunt
802 1006 881 1059 16),
911 1013 975 1045 aut
1002 1008 1138 1045 minaci
1163 1007 1312 1046 illorum
1340 1007 1561 1046 confidentia
1587 1009 1704 1046 territi
1730 1014 1832 1048 tanto
1858 1009 2056 1049 verborum

256 1080 612 1126 testimoniorumque
640 1075 818 1113 molimini
845 1074 973 1112 cedere
1006 1076 1227 1113 tutissimum
1257 1075 1464 1124 duxerunt,
1501 1082 1565 1113 aut
1599 1077 1671 1127 ipsi
1706 1076 1804 1114 velut
1839 1079 2056 1130 contagione

254 1149 372 1198 aliqua
406 1144 530 1180 infecti
567 1142 652 1179 laeti
686 1141 914 1191 libentesque
947 1142 986 1177 in
1020 1140 1175 1191 injuriae
1209 1143 1420 1180 societatem
1447 1148 1628 1180 venerunt
1637 1157 1649 1190 3
1688 1142 1866 1193 denique,
1907 1151 1948 1182 ut
1977 1145 2056 1182 fere

254 1216 316 1262 fit,
358 1213 559 1250 victricium
588 1211 746 1261 partium
774 1209 960 1248 consortia
990 1210 1132 1260 potiora
1159 1211 1229 1248 rati
1256 1209 1465 1249 damnando
1492 1210 1590 1248 victo
1617 1222 1723 1248 suam
1749 1209 1821 1249 sibi
1846 1210 2057 1264 diligentiae

254 1289 288 1321 et
314 1279 518 1333 sagacitatis
545 1278 748 1329 portionem
776 1277 938 1328 arripere
965 1288 1076 1328 quam
1104 1276 1317 1329 recipiendo
1343 1290 1388 1315 ac
1421 1276 1558 1315 tuendo
1584 1277 1624 1313 in
1651 1276 1805 1315 eandem
1831 1280 1993 1330 stuporis
2023 1286 2061 1318 et

254 1348 510 1387 imbecillitatis
548 1345 723 1383 invidiam
762 1344 925 1382 incidere
960 1344 1183 1384 maluerunt.
1254 1347 1359 1384 Neve
1395 1348 1478 1397 quis
1510 1345 1638 1383 durius
1674 1345 1767 1383 haec
1804 1346 1902 1384 dicta
1940 1354 2057 1397 putet,

254 1431 364 1455 unum
395 1428 543 1461 moneo,
583 1426 650 1465 per
676 1411 745 1452 hos
771 1417 920 1451 centum
948 1425 1064 1451 annos
1091 1426 1219 1451 omnes
1244 1412 1392 1464 quidem
1420 1412 1490 1451 has
1517 1411 1693 1464 epistolas
1720 1426 1788 1464 pro
1811 1414 2060 1465 suppositiciis

254 1485 454 1536 sprevisse,
493 1487 750 1533 argumentum
782 1486 927 1527 tamen,
966 1493 1041 1531 quo
1065 1480 1104 1517 id
1129 1480 1372 1530 probaretur,
1408 1486 1553 1531 praeter
1583 1494 1625 1517 ea
1657 1494 1752 1531 quae
1779 1482 1999 1519 Tunstallus
2023 1490 2060 1520 et

252 1551 488 1590 Mai-litandus
521 1549 775 1599 protulerunt,
819 1561 866 1585 ne
899 1561 1014 1583 unum
1040 1547 1188 1598 quidem
1216 1548 1395 1598 amplius,
1433 1555 1611 1599 quantum
1636 1548 1805 1599 equidem
1830 1550 1929 1597 scio,
1970 1564 2054 1600 pro-

254 1619 358 1656 diisse
380 1617 456 1668 17),
494 1615 558 1654 sed
584 1616 615 1653 si
645 1614 735 1667 quid
762 1615 801 1652 in
829 1613 899 1652 bac
931 1626 1043 1651 causa
1070 1615 1157 1652 novi
1183 1615 1441 1663 intervenerit,
1477 1628 1523 1652 ex
1549 1615 1640 1666 ipsis
1666 1613 1879 1667 Anglorum
1906 1617 2057 1654 rationi.

311 1748 356 1783 10)
378 1749 493 1774 Prorsus
514 1747 588 1773 enim
609 1748 640 1773 in
661 1746 763 1774 horum
784 1748 942 1783 Anglorum
963 1756 1121 1774 sermonem
1141 1750 1288 1783 totamque
1308 1748 1475 1783 disputandi
1493 1748 1634 1774 rationem
1655 1747 1752 1778 cadit,
1772 1748 1850 1784 quod
1868 1748 1904 1774 de
1923 1748 2057 1784 populari

255 1809 351 1828 eorum
371 1799 520 1827 Dodwello
540 1799 854 1837 Niebuhrius‘judicat
878 1799 919 1826 kl.
941 1798 1043 1826 histor.
1066 1799 1214 1827 Schriften
1243 1799 1278 1825 T.
1300 1799 1326 1831 1,
1352 1808 1382 1836 p.
1407 1797 1478 1825 1¹32
1508 1799 1563 1825 Ich
1589 1798 1667 1825 kann
1693 1798 1762 1824 aber
1788 1798 1953 1836 fiber-haupt
1977 1799 2059 1825 niel-t

255 1853 377 1879 daritber
402 1851 579 1889 schweiyeu,
611 1851 676 1878 dass
702 1851 750 1879 die
774 1852 944 1879 Auctoritas
968 1851 1059 1878 dieses
1082 1851 1313 1888 abspreehenden
1333 1852 1590 1889 chronologice-hen
1609 1851 1821 1878 merulo-amm
1839 1851 2059 1888 durehgehends

254 1905 310 1930 viel
329 1914 362 1929 zu
383 1903 456 1929 hoel·
475 1902 610 1938 gel-alten
628 1903 703 1930 min-d
722 1903 784 1929 und
803 1904 865 1930 eine
883 1904 989 1940 Men-32
1008 1904 1169 1930 Iri-thama·
1186 1904 1360 1940 fiestqestellt
1378 1904 1439 1930 hat.
1481 1904 1610 1940 lVem’qe
1628 1903 1742 1930 werden
1761 1903 1837 1929 Luse
1855 1902 1961 1934 haben,
1981 1903 2059 1929 scine

254 1956 284 1982 in
304 1954 352 1981 der
372 1952 658 1981 allerermaclendseen
677 1952 794 1980 Manier
812 1953 970 1990 versatum
988 1954 1228 1992 Abhaudlunqen
1245 1953 1373 1992 prfifend
1390 1953 1612 1992 durehzuqelm3
1644 1964 1691 1981 un
1709 1963 1741 1981 so
1764 1953 1843 1979 mehr
1861 1952 1993 1990 verfiihrl
2012 1952 2059 1980 die

253 2006 416 2033 scheinbare
442 2003 587 2042 iinqstlt'ch
611 2003 835 2041 genuisses-haste
862 2005 1055 2043 Genauigkei‘t
1081 2007 1173 2033 ⁴rei'uer·
1198 2005 1440 2043 Festum-«uqa,
1470 2006 1530 2033 ihm
1548 2006 1601 2033 mie
1619 2005 1741 2043 Respeet
1761 2005 1822 2041 auf
1837 2005 1890 2032 das
1915 2005 2007 2032 trare
2023 2014 2058 2031 zu

253 2058 389 2094 glauben.
429 2057 509 2083 Aba·
526 2066 610 2083 wenn
629 2066 696 2082 man
716 2055 771 2082 clm
792 2056 822 2082 V
820 2056 933 2083 erdrues
953 2057 1130 2084 iiberwi‘ndet
1147 2057 1209 2084 und
1228 2058 1305 2084 scine
1325 2057 1432 2098 langen
1450 2057 1629 2094 Argumentis
1647 2056 1828 2094 znqliedert,
1847 2066 1878 2084 so
1898 2056 1975 2083 wira
1992 2065 2059 2083 man

255 2108 451 2135 allenthalben
472 2106 746 2144 unqereehtfertiqte
763 2106 971 2144 Folqerunqen
992 2108 1053 2134 und
1072 2108 1119 2134 die
1137 2108 1367 2135 unnamrlicluee
1389 2107 1576 2145 Verbindunq
1597 2107 1647 2138 der
1668 2108 1784 2138 Facta,
1803 2116 1852 2133 11111
1870 2106 2005 2133 Sel-lasse
2023 2116 2058 2132 zu

255 2162 431 2197 enwinqen,
462 2159 549 2185 daha·
573 2160 635 2185 eine
660 2159 770 2196 volliqe
789 2159 986 2197 Entblossunq
1010 2170 1067 2187 von
1084 2160 1159 2187 Sim·
1182 2160 1351 2191 entdeehm,
1380 2160 1442 2187 und
1461 2161 1493 2189 in
1512 2161 1608 2187 sei-sen
1626 2158 1825 2196 weitliufiqen
1844 2158 1986 2185 Arbeiten
2004 2167 2060 2184 nur

256 2212 438 2238 Materialim
457 2209 573 2236 sut-lien.

315 2263 360 2296 17)
381 2264 451 2288 Nam
473 2262 551 2297 quod
571 2261 796 2296 Stfirenburgius
815 2262 852 2287 ad
871 2261 934 2289 Cic.
956 2263 991 2288 de
1011 2262 1123 2288 Officiis
1144 2263 1227 2296 (edit.
1251 2261 1335 2296 1834)
1355 2272 1386 2298 p.
1400 2261 1453 2289 177
1474 2263 1506 2290 in
1525 2263 1619 2299 Epist.
1636 2263 1676 2289 11.
1699 2261 1717 2288 8
1736 2261 1773 2288 al·
1793 2270 1848 2288 usu
1868 2260 2059 2288 Ciceroni-uo

259 2315 382 2341 alienum
404 2314 511 2350 reperit
530 2313 610 2339 nulli
628 2321 681 2349 pro
701 2305 819 2344 nemi'in',
840 2313 877 2340 nd
897 2317 1022 2339 nostrum
1043 2314 1242 2349 quaestionem
1262 2318 1320 2341 11011
1339 2315 1478 2351 pertinet,
1506 2315 1531 2342 ei
1551 2314 1666 2351 quidem
1687 2313 1827 2351 epistolae
1848 2312 1895 2339 illi
1914 2313 1951 2339 ad
1972 2312 2058 2339 Octa-

260 2368 333 2392 vium
354 2367 435 2392 datae
455 2374 519 2391 cnm
542 2365 670 2391 Brutinis
690 2364 764 2391 nihil
785 2374 932 2391 commune
958 2369 1018 2395 cst,
1038 2375 1090 2392 nec
1111 2367 1168 2392 nisi
1188 2367 1329 2393 editorum
1348 2367 1450 2394 levitas
1471 2367 1601 2403 spurium
1620 2366 1697 2393 hunc
1716 2366 1826 2392 foetum
1847 2373 1911 2391 cum
1932 2365 2058 2391 secundo

260 2418 295 2444 ad
323 2417 439 2444 Brutum
466 2416 541 2443 libro
570 2415 744 2452 conjunxit,
774 2425 897 2452 quocum
923 2425 958 2443 ue
986 2417 1134 2444 codicibus
1158 2418 1274 2454 quidem
1301 2418 1403 2445 iisdem
1429 2417 1697 2455 comprehenditur;
1729 2417 1769 2443 ct‘.
1791 2415 1885 2441 Orell.
1906 2415 1944 2440 1111
1963 2415 2057 2451 Epist.

259 2470 292 2495 T.
318 2468 371 2498 111,
393 2469 424 2494 P.
444 2468 473 2499 2,
494 2478 523 2504 p.
541 2478 578 2494 w.
622 2468 663 2494 De
689 2467 818 2495 Brutinis
846 2471 941 2496 autem
967 2469 1045 2495 solus
1068 2469 1215 2497 Johaunes
1235 2471 1270 2497 de
1291 2469 1403 2497 Gruber
1427 2470 1459 2497 in
1479 2470 1655 2504 Quaestione
1675 2470 1711 2495 dc
1731 2472 1859 2503 tempore
1879 2471 1966 2503 atque
1985 2469 2058 2494 serie

263 2520 445 2556 epistolarum
466 2513 772 2557 Ciceronis⁷⁴(Sundiac
795 2521 878 2548 1836.
900 2521 928 2555 4)
955 2531 984 2557 p.
1009 2531 1023 2547 1·
1050 2522 1089 2548 ita
1117 2531 1146 2549 se
1172 2522 1303 2549 dubitare
1329 2522 1476 2559 professus
1503 2524 1565 2551 est,
1593 2524 1624 2547 ut
1649 2520 1753 2557 gravia
1772 2524 1941 2557 argumenta
1961 2524 2059 2547 eontra
