2421 2972
1173 169 1249 218 4⁵¹

311 285 518 323 scribebam
544 285 735 338 afficiebar
763 286 915 334 dolore,
952 288 1054 339 qnod
1082 300 1193 340 qtcum
1221 300 1285 340 mel
1307 300 1379 338 pro
1413 287 1647 325 adolescente
1661 300 1720 324 -ae
1746 299 1867 337 paene
1895 298 2015 336 puero
2047 299 2105 323 res

311 353 466 403 publiea
493 354 694 404 accepisset
716 355 872 403 vadem,
905 355 970 392 vix
996 356 1156 393 videbar.
1179 356 1280 408 quod
1300 355 1547 405 promiseram
1572 361 1766 406 praestare
1790 367 1924 406 posse3
1957 359 2012 391 est
2038 367 2105 390 aa·

312 426 384 458 tem
412 422 566 473 qravior
599 426 635 457 et
661 421 850 473 diffieilior
879 423 998 459 animi
1023 428 1062 460 et
1089 423 1314 469 sententiae,
1354 422 1527 458 maximis
1552 422 1771 472 praesertim
1800 423 1840 457 in
1869 422 2001 469 rebus,
2031 433 2106 472 pro

311 488 430 524 altero
468 500 578 539 qnam
612 489 793 538 pecuniae
830 489 1010 540 obliqatio
1020 503 1035 539 ,-
1080 490 1173 526 lutee
1212 490 1310 526 enim
1346 489 1446 525 solvi
1474 494 1596 539 potest
1629 495 1666 525 et
1707 495 1762 525 est
1798 490 1857 526 rei
1891 488 2104 540 familiaris

301 555 458 605 jactura
487 554 716 601 tolerabilis,
755 556 813 591 rei
839 556 1016 605 publicae
1046 558 1148 608 quod
1177 557 1422 606 spoponderis
1441 556 1758 607 *quemadmodum
1786 555 1932 601 solvas,
1969 556 2046 591 nisi
2072 556 2104 590 is

313 621 476 671 dependi
494 621 611 673 facile
634 622 792 671 patitur,
818 634 889 672 pro
914 634 985 674 qno
1009 621 1280 674 spoponderis?
1333 621 1454 674 Atqui
1478 620 1722 659 Markland-ns
1749 620 1959 658 adverbium
1984 620 2104 673 facile

313 687 471 723 alienum
499 700 577 724 esse
605 689 837 737 criminatur,
877 690 963 740 quia
997 690 1146 740 perinde
1181 691 1231 726 sit
1263 690 1370 727 facile
1397 703 1444 726 an
1476 694 1629 740 gravate
1663 689 1746 738 quis
1777 688 1954 737 patiatur,
1991 687 2103 724 modo

312 753 468 805 dependi
496 755 590 791 sinat
612 756 710 808 1⁰7)3
739 756 955 793 Tunstallus
982 764 1102 794 autem
1126 756 1282 808 primum
1309 759 1347 794 in
1371 770 1414 794 eo
1439 762 1651 809 argutatur,
1681 761 1722 792 ut
1748 753 1950 791 seeundum
1976 754 2098 791 Instit.

311 821 390 859 111.
409 820 476 859 19.
499 821 527 859 5
551 830 671 875 neget,
701 825 737 861 si
761 825 843 877 quis
865 824 982 861 alium
1009 825 1183 862 daturum
1206 826 1439 878 facturumve
1467 824 1617 877 aliquid
1637 822 1896 874 spoponderit,
1921 821 2100 874 obligari,

290 889 442 927 ‘deinde
467 903 552 927 vero
578 892 664 927 satis
691 891 830 928 scilieet
857 892 1055 942 prudenter
1080 892 1152 929 hoe
1179 898 1322 939 mouet,
1356 893 1409 928 rei
1438 891 1628 927 familiaris
1655 903 1804 941 quoque
1831 890 2035 941 jacturam,
2067 892 2100 926 si

312 956 357 995 de
389 957 561 1009 gravibus
593 959 748 1009 negotiis
783 964 933 1010 agatur,
970 959 1143 1009 sponsori
1174 959 1235 995 vix
1266 957 1489 996 tolerabilem
1524 970 1605 995 esse
1640 970 1747 1008 posse
1770 956 1871 1009 ¹⁰8)!
1927 957 1981 994 Et
2013 956 2101 994 huie

312 1024 458 1075 quidem
484 1024 575 1062 illud
601 1014 719 1063 solum
746 1026 785 1062 in
815 1031 1030 1063 transcursu
1056 1025 1342 1077 respondemus,
1382 1038 1426 1062 ex
1454 1025 1578 1062 eadem
1607 1024 1690 1076 lege
1718 1037 1825 1072 eum,
1856 1025 1921 1076 qui
1949 1024 2099 1077 effeetu-

312 1104 394 1128 mm
418 1104 471 1139 se,
506 1097 547 1129 nt
576 1092 697 1129 Titius
723 1093 845 1140 daret,
876 1093 1131 1144 spoponderit,
1159 1093 1284 1143 utique
1310 1092 1462 1143 obligari
1475 1106 1486 1141 3
1518 1092 1618 1143 quod
1644 1093 1675 1128 si
1700 1091 1833 1129 Cicero
1861 1092 1900 1127 in
1926 1090 2096 1142 Philipp.

312 1158 364 1196 V.
390 1157 444 1195 18
471 1171 544 1196 uon
576 1148 693 1196 solum
720 1160 941 1210 spopondit,
972 1173 1099 1197 verum
1125 1162 1233 1197 etiam
1262 1162 1423 1210 recepit,
1458 1160 1497 1196 h.
1526 1172 1560 1196 e.
1594 1165 1635 1196 ut
1664 1159 1715 1197 0.
1745 1160 1804 1196 Μ.
1834 1158 1987 1196 Miilleri
2013 1171 2097 1195 ver-

312 1224 370 1263 bis
401 1231 483 1263 utar
511 1225 558 1263 ad
587 1224 695 1263 Orat.
730 1226 784 1263 11.
811 1224 890 1274 24,
926 1232 1052 1264 sancte
1077 1227 1270 1278 promisit,
1305 1240 1344 1264 se
1374 1239 1522 1264 eausam
1556 1239 1602 1263 ex
1632 1226 1815 1263 sententia
1842 1225 2098 1278 confecturum

314 1304 415 1339 esse,
445 1292 502 1329 vel
529 1291 619 1342 juris
648 1293 814 1330 consulto
841 1305 914 1330 non
943 1294 1062 1330 minus
1091 1295 1204 1332 teneri
1237 1293 1419 1330 videretur
1448 1306 1598 1330 necesse
1626 1300 1704 1331 erat
1736 1306 1847 1343 quam
1879 1292 1932 1339 Q.
1962 1291 2098 1329 Cicero

312 1359 515 1410 Pompejo,
560 1372 668 1410 quem
706 1360 862 1411 legimus
900 1359 946 1397 ad
982 1360 1113 1397 Famil.
1146 1347 1180 1396 Ϊ.
1211 1358 1254 1397 9.
1285 1359 1313 1396 9
1347 1360 1400 1397 illi
1433 1361 1473 1397 in
1504 1361 1720 1398 memoriam
1756 1360 1964 1410 redeqisse,
2004 1360 2099 1411 quid

313 1425 389 1463 sibi
411 1426 458 1463 de
477 1426 598 1478 fratre
619 1428 827 1478 recepisset,
856 1439 970 1478 eoque
999 1427 1143 1464 nomine
1168 1428 1374 1478 dependere
1389 1426 1558 1478 jussisse,
1594 1426 1694 1479 quod
1716 1426 1787 1465 sibi
1818 1439 1886 1478 pro
1913 1425 1985 1464 boe
2010 1439 2096 1477 spo-

311 1494 525 1544 pondisset,
563 1492 608 1530 de
635 1493 807 1532 adverbio
832 1501 966 1541 autem,
998 1493 1097 1545 quod
1122 1494 1376 1532 Marklandum
1405 1494 1569 1542 offendit,
1603 1496 1635 1531 si
1661 1495 1747 1545 quis
1774 1495 1985 1532 etiamnunc
2010 1506 2096 1531 eum

313 1559 377 1598 illo
405 1559 567 1608 dubitet,
609 1560 840 1609 recordetur,
878 1560 1079 1600 officiorum
1109 1562 1147 1599 in
1170 1574 1211 1598 re
1235 1559 1380 1612 publiea
1405 1560 1672 1598 reddendorum
1702 1560 1810 1598 aliam
1842 1573 1887 1598 ae
1917 1561 2095 1612 pecuniae

314 1627 570 1679 dependendae
596 1628 770 1665 rationem
798 1640 892 1665 esse.
957 1628 1063 1665 Haec
1095 1629 1211 1675 enim,
1245 1640 1464 1679 quoeunque
1494 1628 1615 1664 animo
1646 1633 1834 1665 numerata
1866 1627 1999 1674 fuerit,
2032 1641 2093 1665 ea·

314 1694 396 1731 dem
423 1700 564 1743 manet3
596 1694 722 1745 *officia
752 1700 870 1731 autem
899 1708 993 1745 quae
1023 1696 1106 1745 quis
1135 1702 1282 1732 coaetus
1310 1702 1488 1745 praestat,
1525 1697 1623 1732 omni
1652 1696 1689 1732 vi
1717 1696 1921 1745 meritoque
1949 1702 2092 1741 carent,

313 1774 431 1810 neque
464 1761 612 1797 omnino
647 1774 714 1810 pro
745 1761 818 1797 alio
848 1761 942 1797 solvi
972 1769 1159 1810 poterunt,
1196 1763 1265 1797 nisi
1295 1762 1326 1797 is
1367 1763 1444 1810 ipse
1479 1768 1657 1810 promtam
1695 1768 1731 1798 et
1762 1760 1862 1797 haud
1904 1768 2094 1811 gravatum

314 1839 459 1877 operam
482 1838 583 1863 suam
610 1825 827 1863 exhibuerit.
884 1827 1024 1865 Similis
1051 1840 1159 1865 causa
1188 1833 1244 1865 est
1273 1826 1627 1865 commendationum
1656 1827 1703 1864 ad
1729 1827 1863 1865 Famil.
1890 1828 2011 1866 xm.
2034 1827 2094 1866 58

314 1900 349 1931 et
371 1892 456 1952 59⁹-
472 1892 534 1929 ubi
561 1891 692 1930 Cicero
717 1898 902 1943 praetores
925 1900 1049 1944 rogat,
1082 1899 1125 1930 ut
1152 1893 1347 1931 familiares
1375 1893 1446 1941 sui,
1479 1907 1574 1946 qaae
1599 1907 1718 1946 aequa
1742 1894 1986 1944 postularint,
2017 1908 2092 1932 non

314 1960 431 1998 solum
456 1961 666 2010 impetrent,
702 1958 766 1997 sed
790 1961 896 1997 etiam
921 1960 1010 2010 ipsis
1037 1959 1235 1997 libentibus
1262 1961 1479 2011 impetrent3
1522 1959 1621 2011 quod
1645 1961 1677 1997 si
1704 1960 1786 2010 quis
1808 1960 2093 1999 Mnrklandiano

315 2028 480 2078 exemplo
509 2028 719 2073 cavilletur,
754 2027 904 2064 eandem
932 2028 1228 2077 disceptationem
1251 2028 1404 2075 habeat,
1440 2027 1529 2078 quid
1555 2028 1593 2064 iu
1617 2027 1696 2078 jure
1724 2028 1952 2079 impetrando
1979 2030 2093 2069 inter·
2120 2055 2130 2065 .

313 2098 382 2143 sit,
418 2102 539 2132 utrum
571 2094 610 2131 id
640 2094 794 2132 libenter
823 2109 870 2132 an
899 2109 1007 2133 secus
1041 2101 1187 2145 praetor
1219 2095 1375 2144 tribuat,
1419 2094 1635 2133 beneficium
1665 2102 1784 2134 tamen
1815 2097 1847 2134 is
1875 2095 2022 2134 demum
2053 2111 2093 2134 se

314 2163 499 2213 accepisse
527 2156 781 2209 arbitrabitur,
820 2162 884 2213 qui
913 2161 1022 2200 simul
1050 2163 1157 2200 etiam
1186 2150 1356 2201 libentem
1387 2162 1636 2214 magistratum
1667 2161 1848 2201 habuerit.

355 2316 419 2351 107)
438 2317 573 2344 Remnrlts
592 2327 622 2354 p.
637 2317 705 2343 ¹94²
726 2318 775 2354 for
792 2317 872 2344 what
889 2318 914 2344 is
928 2319 951 2344 it
969 2323 996 2344 to
1016 2318 1063 2344 the
1078 2328 1212 2355 purpose,
1232 2319 1358 2344 whether
1373 2319 1397 2345 it
1413 2319 1446 2344 be
1462 2318 1537 2355 paid
1552 2319 1698 2356 wilti-2913
1711 2328 1744 2345 or
1758 2319 1957 2356 iinadab-315,
1978 2319 2091 2354 πεδί’,

317 2377 349 2392 ur
367 2368 438 2394 with
456 2369 626 2399 reluetanee,
643 2368 784 2405 provided
801 2370 826 2395 it
844 2369 878 2395 lae
897 2370 949 2395 but
964 2370 1056 2405 paid?
1091 2370 1169 2395 Here
1189 2370 1259 2396 (han
1279 2371 1304 2395 is
1326 2371 1373 2395 the
1392 2370 1630 2406 injudicioumese
1649 2370 1688 2405 os
1699 2380 1751 2396 our
1770 2370 1888 2396 Anthon-
1907 2389 1915 2396 .
1941 2389 1948 2395 .
1971 2389 1979 2395 .
2000 2371 2094 2396 tul-ere

316 2428 347 2443 as
368 2420 402 2445 he
421 2430 483 2446 uses
502 2421 527 2446 it
543 2420 625 2446 when
645 2421 668 2446 it
686 2422 710 2445 is
729 2420 850 2456 nothing
876 2425 903 2446 to
924 2421 971 2447 the
983 2425 1127 2457 ‘parpes-e,
1155 2420 1214 2447 and
1237 2421 1319 2447 when
1339 2422 1376 2447 its
1398 2426 1531 2456 contrary
1556 2421 1655 2448 would
1680 2421 1752 2448 have
1779 2423 1846 2448 been
1870 2422 1988 2458 equally
2014 2427 2092 2452 trun

316 2470 346 2497 in
365 2470 460 2499 which
478 2482 596 2500 manner
614 2471 639 2499 it
655 2471 680 2499 is
697 2471 804 2499 certain
824 2470 888 2499 that
909 2470 997 2508 Tully
1017 2471 1116 2500 would
1134 2476 1184 2500 not
1202 2471 1274 2499 have
1294 2471 1446 2499 reasoned!

355 2520 420 2557 108)
440 2522 561 2550 Observ.
582 2532 613 2561 p.
632 2521 703 2550 370:
727 2522 851 2561 perhaps
870 2528 937 2557 not,
961 2523 992 2561 if
1003 2524 1027 2550 it
1045 2524 1069 2550 is
1088 2533 1105 2551 a
1124 2533 1185 2551 sum
1205 2523 1332 2562 enqaqed
1352 2525 1381 2550 in
1404 2534 1441 2552 nn
1460 2524 1547 2561 affair
1565 2524 1603 2561 of
1613 2524 1659 2551 the
1679 2529 1782 2552 uenum
1802 2526 1992 2571 importante!
