2421 2972
254 313 348 351 dicia
375 326 488 364 paene
515 326 624 352 caeca
649 313 723 351 fide
748 319 896 352 secutus
921 319 979 352 est
999 314 1080 366 12),
1118 315 1158 351 in
1187 315 1266 365 ipsa
1293 320 1501 352 nostrorum
1532 320 1740 365 temporum
1767 313 1853 351 luce
1886 320 1925 351 et
1956 313 2065 351 Orel-

251 379 346 429 lius,
385 380 734 434 intelligentissimus
760 379 939 420 librorum
966 380 1293 421 Ciceronianorum
1317 380 1456 430 editor,
1490 380 1643 421 eandem
1671 380 1894 421 sententiam
1917 387 2066 433 praetu-

250 447 294 485 lit
313 447 384 499 13),
418 456 455 486 et
480 449 623 500 insigne
638 449 791 487 vesu-ae
810 449 1069 487 Universitatis
1095 449 1221 486 lumen
1236 449 1493 496 Drnmaunus,
1523 450 1691 500 quamvis
1718 449 1904 487 orationes
1931 449 2066 486 suffra-

250 517 312 567 gio
340 529 408 553 suo
433 521 591 564 tueatur,
619 529 666 554 ne
688 515 770 554 telis
796 515 945 567 quidem
971 518 1016 555 iis
1042 517 1098 555 nti
1121 517 1250 565 voluit,
1281 529 1377 567 quae
1404 515 1639 556 infestissimo
1660 517 1853 556 Ciceronis
1876 516 2066 556 obn-ecta-

250 583 321 620 tori
354 583 456 633 ipsae
493 582 561 621 hae
595 583 769 634 epistolae
802 583 1025 632 offerebant,
1055 583 1120 622 sed
1147 582 1345 622 identidem
1375 583 1520 634 spurias
1553 584 1750 635 appellavit
1776 582 2066 636 Anglorumque

251 649 534 701 disputationem
560 651 776 702 gravissimo
801 664 872 689 suo
896 664 1049 689 assensu
1076 651 1328 704 comprobavit
1343 651 1419 701 14).
1476 650 1586 699 Quae
1609 663 1723 702 quum
1749 652 1799 689 ita
1823 652 1914 700 sint,
1943 664 2063 704 quan-

250 724 308 756 tae
332 717 432 757 aleae
458 732 551 770 opus
581 719 783 770 suscipiat,
820 719 854 757 si
879 720 963 772 quis
990 727 1076 772 post
1101 726 1165 759 tot·
1181 725 1443 771 tantorumque
1469 719 1660 758 nominum
1688 717 1825 771 judicia
1854 711 1931 759 non
1956 733 2063 759 reum

251 785 410 836 aliquem
438 785 503 823 sed
530 785 740 823 damnatum
766 791 805 824 et
831 792 971 825 tantum
996 801 1071 826 non
1097 793 1260 827 extremo
1290 786 1473 838 supplicio
1499 786 1671 824 affectum
1698 785 1835 824 librum
1863 786 2063 826 defendere

249 852 401 903 ejusque
427 854 676 891 auctoritatem
703 853 802 891 velut
829 855 1055 904 postliminio
1081 856 1258 894 reducere
1284 861 1458 901 conetur,
1493 853 1594 891 haud
1621 867 1681 892 me
1709 854 1828 905 fugit,
1857 855 1941 892 Viri
1967 855 2061 891 Illu-

249 918 442 968 strissimi;
481 932 600 970 neque
625 920 664 958 iu
694 919 767 958 hoc
793 921 874 971 ipso
901 922 1049 974 negotio
1077 920 1302 974 capessendo
1328 919 1368 958 id
1393 919 1484 958 mihi
1511 921 1707 973 arrogavi,
1743 926 1786 958 ut
1822 933 1942 960 meam
1969 934 2061 973 qua-

248 986 468 1037 lemcunque
493 986 601 1025 fidem
627 993 755 1026 contra
783 987 883 1026 docti
908 989 1010 1027 orbis
1031 1002 1147 1041 paene
1173 989 1382 1027 unanimem
1407 1000 1629 1031 consensum
1659 988 1783 1028 valere
1809 989 2060 1041 postularem3

248 1055 314 1104 qui
347 1055 415 1092 etsi
450 1055 500 1092 ita
535 1069 593 1093 me
627 1057 666 1093 in
701 1055 938 1106 epistolarum
971 1056 1162 1095 Ciceronis
1188 1057 1345 1094 lectione
1371 1061 1553 1093 versatum
1584 1069 1665 1094 esse
1699 1055 1886 1105 arbitror,
1928 1064 1971 1095 nt
2001 1057 2062 1095 vel

248 1122 373 1160 sensui
406 1134 487 1160 meo
521 1115 751 1174 aliquatenus
784 1122 970 1162 confidere
1001 1124 1177 1173 audeam,
1216 1125 1333 1176 ipsam
1360 1122 1458 1160 hane
1481 1123 1662 1162 sentiendi
1694 1124 1793 1161 viam
1819 1123 1913 1162 adeo
1938 1122 2059 1162 lubri-

249 1201 330 1226 cam
355 1201 436 1226 esse
463 1189 566 1237 scio,
605 1197 646 1228 ut
668 1191 738 1228 nisi
765 1190 968 1229 rationibus
994 1191 1115 1229 allatis
1143 1205 1191 1229 ne
1214 1205 1396 1229 summum
1427 1190 1575 1241 quidem
1600 1191 1771 1229 criticum
1797 1190 1888 1228 mihi
1916 1192 1956 1229 in
1983 1190 2058 1229 hoc

247 1269 381 1309 genere
406 1256 594 1308 imponere
621 1258 739 1309 patiar
762 1257 841 1311 1⁵);
870 1257 966 1296 idem
995 1264 1114 1297 tamen
1139 1264 1334 1311 postquam
1355 1258 1484 1297 iterata
1506 1257 1676 1307 lectione,
1705 1271 1821 1310 quum
1844 1257 2057 1298 diversissi-

249 1326 320 1362 mis
352 1324 579 1375 temporibus
608 1325 660 1361 ita
689 1324 762 1362 sibi
789 1331 1015 1363 constantem
1035 1320 1195 1364 'sensnm
1228 1339 1349 1364 meum
1372 1325 1609 1373 habuissem,
1652 1332 1693 1363 ut
1719 1326 1779 1364 vel
1810 1339 1886 1364 uon
1920 1326 2058 1364 tradito

247 1392 425 1443 scriptore
457 1404 504 1429 ex
533 1392 613 1442 ipsa
643 1391 789 1430 dicendi
808 1392 1074 1445 judicandique
1099 1394 1218 1433 forma
1241 1392 1459 1432 Ciceronem
1486 1391 1576 1430 mihi
1604 1399 1809 1444 agnotnrns
1835 1406 1921 1431 esse
1948 1393 2052 1431 vide·

307 1532 356 1566 12)
377 1532 411 1558 ln
431 1531 473 1558 Μ.
495 1531 529 1557 Τ.
551 1530 586 1556 C.
608 1539 681 1566 quae
699 1530 787 1565 vulgo
807 1530 942 1557 teruntur
960 1532 1105 1558 orationes
1126 1535 1156 1558 et
1175 1531 1312 1567 epistolas
1331 1531 1545 1566 prolegomena,
1565 1531 1593 1555 in
1616 1531 1686 1557 edit.
1709 1530 1799 1566 Oper.
1822 1530 1856 1556 T.
1869 1530 1955 1562 vlu,
1977 1532 2010 1556 Ρ.
2024 1531 2054 1561 3,

250 1593 280 1620 p.
304 1592 407 1610 xxxvm
428 1592 512 1619 sqq.‚
539 1581 615 1609 unde
634 1582 672 1608 ad
691 1580 809 1608 verbm
828 1582 947 1618 repetiit
965 1582 1146 1618 Bentivoglio
1165 1583 1197 1609 in
1217 1582 1288 1610 edit.
1309 1581 1429 1609 Mediol.
1452 1580 1536 1608 1830.
1557 1581 1591 1608 T.
1611 1581 1664 1608 V.·

309 1634 356 1668 13)
377 1636 494 1661 Praeter
511 1634 606 1670 ipsum
625 1633 733 1664 locum,
753 1642 810 1668 quo
831 1633 967 1668 epistolas
986 1634 1024 1659 ad
1042 1634 1162 1660 Brutum
1180 1635 1211 1660 in
1230 1634 1288 1660 fine
1308 1634 1374 1660 Vol.
1391 1634 1415 1659 1.
1437 1633 1573 1659 editionis
1594 1642 1663 1659 suae
1680 1634 1832 1669 relegavit,
1852 1635 1894 1660 cf.
1915 1634 1984 1661 Vol.
1999 1635 2053 1666 lv,

250 1687 283 1713 P.
304 1686 335 1718 2,
361 1695 392 1723 p.
415 1685 470 1712 468
498 1689 527 1712 et
553 1693 626 1721 quse
653 1683 791 1711 Baehrius
814 1683 918 1711 Geseh.
939 1685 969 1711 d.
990 1687 1063 1711 rom.
1085 1685 1176 1712 Liter.
1197 1685 1268 1712 edit.
1291 1684 1332 1717 11,
1359 1694 1389 1721 p.
1412 1683 1465 1711 590
1492 1693 1525 1711 ex
1549 1684 1640 1721 ipsius
1663 1684 1758 1712 literis
1777 1688 1877 1712 narrat
1903 1694 1969 1712 eun
1994 1694 2054 1712 non

248 1741 315 1764 aute
338 1737 393 1764 740
414 1747 443 1763 u.
466 1746 493 1764 e.
514 1737 636 1772 scriptas
655 1737 785 1772 adeoque
804 1736 927 1763 fortasse
947 1737 984 1763 ab
1004 1738 1103 1764 eodem
1122 1737 1236 1764 rhetore
1255 1738 1338 1764 fictas
1357 1746 1491 1768 censere,
1511 1737 1559 1763 eni
1579 1737 1743 1768 orationes,
1767 1745 1839 1772 quas
1861 1745 1927 1763 cum
1946 1737 2055 1763 Wolfio

249 1789 383 1820 damnat,
403 1788 543 1823 originem
563 1787 727 1814 debuerint.

307 1840 354 1875 14)
375 1840 491 1867 Praeter
505 1840 620 1876 judicia
638 1840 669 1866 in
690 1842 856 1867 transcursu
875 1839 988 1876 prolata
1008 1842 1038 1866 et
1056 1838 1216 1875 significata
1241 1838 1339 1875 potius
1365 1846 1450 1874 quam
1478 1837 1620 1874 explicata
1644 1838 1681 1864 T.
1698 1838 1725 1871 1,
1750 1847 1782 1875 p.
1803 1837 1871 1866 238.
1893 1837 1962 1866 263.
1985 1838 2052 1867 32¹.

251 1892 321 1925 526;
348 1892 383 1918 Τ.
405 1892 447 1924 11,
467 1902 497 1928 p.
522 1891 575 1918 105
596 1895 652 1919 etc.
674 1892 714 1919 ef.
734 1892 868 1928 inprimis
888 1891 922 1917 T.
941 1891 993 1923 lv,
1011 1900 1041 1928 p.
1059 1890 1114 1922 40,
1139 1890 1190 1917 ubi
1208 1893 1303 1917 tamen
1320 1890 1387 1926 jure
1406 1890 1536 1922 mireris,
1561 1890 1639 1926 quod
1660 1889 1852 1918 Middletoais
1872 1899 1997 1918 errorem
2017 1891 2054 1918 de

250 1944 360 1971 Erasini
380 1944 523 1971 sententia
543 1944 594 1978 (cf.
615 1947 677 1971 not.
697 1942 725 1978 1)
751 1943 879 1979 quamvis
904 1942 942 1969 sb
961 1943 1025 1980 ipso
1044 1943 1195 1970 Tunstallo
1215 1943 1323 1970 dudum
1341 1943 1498 1969 refut-tum
1517 1950 1616 1969 rursus
1635 1942 1666 1969 in
1686 1951 1769 1969 suun
1789 1951 1872 1970 mum
1892 1945 2052 1970 convertit!

307 1995 354 2032 ¹5)
374 1996 458 2023 Certe
478 2005 536 2022 non
555 1996 621 2032 plus
640 1996 712 2022 mihi
731 1995 844 2022 vindico
867 2005 952 2032 qnsm
970 1995 1121 2022 Tunstallo
1141 1996 1289 2027 concedo,
1316 1995 1367 2031 qui
1387 1995 1544 2021 identidem
1563 1998 1660 2021 narrat
1678 1995 1799 2031 pri-am
1818 1995 1875 2022 sihi
1896 1995 2054 2023 dubitandi

250 2057 363 2076 cauam
381 2057 442 2075 eam
462 2049 625 2080 exstitisse,
650 2048 729 2085 quod
748 2056 766 2074 a
783 2047 959 2084 reliquarum
979 2048 1165 2084 epistolarum
1183 2047 1309 2074 lectione
1327 2047 1365 2073 ad
1383 2047 1459 2074 hunc
1478 2046 1585 2073 librum
1604 2046 1717 2074 delatus
1734 2055 1870 2083 magnu-
1889 2047 1947 2074 sibi
1966 2055 2054 2075 vena-

250 2101 332 2129 statis
355 2109 388 2128 ac
407 2101 508 2137 copiae
527 2100 681 2128 discrimen
700 2100 912 2137 deprehendere
931 2100 1009 2127 visus
1028 2100 1082 2132 sit;
1108 2100 1149 2127 ef.
1171 2099 1265 2136 Epist.
1285 2108 1317 2135 p.
1334 2098 1388 2125 193
1410 2102 1439 2126 et
1458 2099 1581 2126 Observ.
1602 2108 1632 2135 p.
1650 2098 1720 2126 1⁰62
1741 2099 1762 2125 1
1778 2109 1825 2126 aas
1843 2103 1899 2126 nst
1916 2099 2056 2127 aha-sed

254 2157 282 2178 to
298 2161 362 2178 own
378 2153 469 2188 aqas'n
485 2156 513 2178 to
531 2152 578 2178 the
592 2152 709 2182 Public,
730 2152 796 2178 that
814 2151 861 2178 tle
878 2149 945 2186 first
962 2151 1094 2177 occasion
1113 2150 1154 2187 of
1164 2160 1212 2185 ny
1231 2150 1396 2186 suspecti-q
1416 2149 1465 2177 11oe
1484 2150 1580 2177 leuen
1596 2159 1656 2177 was
1677 2150 1760 2177 taken
1777 2149 1853 2185 fron
1872 2159 1920 2185 ny
1940 2151 2054 2187 κοίης

256 2209 285 2231 to
311 2204 386 2231 them
403 2203 483 2240 fresh
505 2203 580 2240 ftons
601 2203 647 2230 11oe
666 2202 788 2240 reading
808 2203 848 2239 of
862 2201 987 2230 Cs'eero’s
1004 2203 1129 2240 genuisse
1148 2202 1277 2239 Epis-eles
1296 2202 1356 2229 ancl
1372 2202 1450 2239 froas
1466 2203 1631 2240 pereet'm‘stq
1653 2212 1690 2230 on
1708 2213 1728 2230 a
1746 2201 1856 2229 sudden
1875 2212 1895 2228 ι
1915 2202 1991 2229 total
2010 2203 2054 2230 al·

252 2257 376 2282 ter-atim·
393 2256 424 2281 s'n
444 2255 491 2281 the
510 2255 657 2281 chan-sete·-
675 2254 736 2280 aend
752 2254 828 2290 style
847 2257 921 2285 etc-3
940 2262 995 2280 nee
1013 2254 1039 2280 si
1056 2257 1123 2290 post
1142 2253 1318 2285 Gesnernm,
1337 2254 1385 2280 cui
1404 2263 1458 2290 per
1476 2255 1691 2291 quinquaqint-
1710 2263 1852 2281 unisonus
1871 2254 2054 2281 eonsuetudi-

250 2317 313 2334 nes-s
331 2317 414 2334 sunm
431 2306 524 2333 ds‘eere
545 2305 709 2332 ciceronem
727 2305 813 2332 licuit
827 2305 860 2338 (l.
881 2314 907 2332 c.
928 2314 960 2342 p.
975 2304 1063 2340 232),
1092 2304 1281 2332 nihilominus
1299 2304 1422 2331 wolfius
1440 2305 1543 2332 iisdem
1563 2314 1633 2342 quas
1652 2305 1700 2332 hie
1720 2306 1851 2332 deren-iit
1870 2305 2054 2333 ontio-ibus

250 2360 336 2386 fldem
364 2359 502 2395 abrogare
528 2361 648 2385 conatus
673 2361 735 2390 est,
764 2357 944 2384 auctoritatis
970 2356 1018 2384 hie
1044 2357 1137 2384 ullum
1162 2358 1277 2393 pondus
1303 2366 1365 2384 esse
1391 2360 1498 2393 potest.
1539 2357 1628 2385 Recte
1655 2361 1750 2385 auten
1773 2358 1835 2394 ja·
1863 2356 2055 2386 Marklandus

250 2420 280 2446 p.
306 2410 357 2437 ¹6:
392 2411 443 2437 but
470 2410 517 2437 tlte
541 2410 671 2448 ceren-311·
678 2429 688 2441 ‚
716 2409 829 2446 inquit,
858 2407 898 2444 of
917 2407 965 2434 the
989 2412 1142 2446 atqu-sent
1160 2410 1280 2446 uyaes'ssst
1298 2409 1345 2436 tlte
1363 2409 1550 2446 genuineness
1569 2408 1609 2445 of
1622 2408 1699 2435 these
1720 2409 1816 2436 letters
1836 2408 1904 2436 does
1923 2415 1977 2437 not
1994 2416 2055 2437 rest

251 2471 330 2499 upon
353 2472 375 2489 a
400 2462 565 2499 possibility
595 2471 627 2489 or
654 2461 701 2488 the
727 2461 877 2496 authority
903 2459 964 2486 and
989 2460 1108 2498 opinion
1133 2460 1173 2497 of
1193 2470 1252 2497 any
1279 2470 1346 2487 mats
1372 2470 1405 2488 or
1434 2461 1554 2488 number
1581 2460 1621 2497 of
1643 2470 1723 2492 oneng
1755 2461 1809 2488 but
1835 2470 1915 2499 upon
1941 2461 2058 2489 evilat

249 2519 352 2541 matter
371 2515 411 2551 ef
420 2515 500 2551 suet,
527 2512 656 2551 founded
675 2522 754 2549 upon
772 2511 844 2539 such
862 2512 940 2539 vales
959 2511 1156 2551 osjndqs‘aq,
1186 2522 1219 2539 as
1243 2514 1274 2540 ιἰι
1301 2513 1349 2540 the
1373 2518 1488 2549 present
1513 2522 1576 2540 ease
1602 2522 1656 2539 ean
1675 2522 1771 2566 πέντε
1790 2514 1903 2541 deceive
1925 2509 1978 2546 us}
2008 2514 2055 2541 his

251 2566 342 2601 igitur
359 2566 446 2592 armis
467 2569 610 2593 certamen
630 2565 707 2592 haud
725 2573 828 2591 renuo.
1612 2584 1627 2716 Ι

1678 2727 1793 2792 qr*
