2308 2908
628 347 702 384 viri
728 344 939 384 excellentis
970 348 1089 380 mente
1116 343 1289 380 clementi
1317 343 1418 379 edita

627 415 806 451 submissa
834 412 986 463 placide
1013 410 1295 461 blandiloquens
1322 411 1457 447 oratio.

313 484 421 533 Quod
447 489 566 519 autem
593 479 833 518 Markland-‚s
860 493 925 530 per
951 492 991 516 se
1021 477 1166 528 quidem
1193 483 1293 514 recte
1319 483 1442 516 monet
1470 475 1728 528 labefactandi
1753 479 1825 516 vim
1861 492 1933 518 non
1961 481 2000 517 in
2032 493 2095 519 co·

313 552 453 588 namine
485 554 623 587 tantum
655 561 782 586 verum
816 547 923 585 etiam
952 547 991 583 in
1020 545 1149 583 effectu
1177 545 1277 582 cerni
1293 543 1371 597 4⁵),
1410 557 1454 583 eo
1489 544 1570 595 ipso
1601 545 1771 597 exemplo
1804 546 1904 585 aliud
1934 546 2095 600 ejusdem

312 622 563 669 argumentum
586 616 801 666 impugnare
821 613 919 659 licet,
947 625 1019 663 quo
1039 611 1203 659 dieijnon
1225 617 1343 662 potest
1364 618 1540 663 quantum
1559 611 1630 648 sibi
1650 613 1688 648 in
1712 612 1842 649 harum
1864 616 2096 664 epistolarum

310 685 380 720 fide
409 683 582 719 elevanda
609 682 802 730 plauserit,
843 680 887 716 de
918 679 1038 716 verbis
1065 678 1239 728 epistolae
1267 679 1558 717 undecimae:
1598 679 1685 717 huic
1710 682 1938 729 persuadere
1974 684 2097 732 coepi-

311 764 401 798 mus,
435 754 476 786 ut
505 748 707 800 imperator
735 748 772 784 iu
798 745 925 784 castris
949 749 1155 782 remaneret
1175 757 1325 798 remque
1344 744 1535 797 publicam
1562 745 1791 798 defenderet,
1820 745 1883 783 ubi
1911 748 2098 785 contendit

309 818 464 853 suadere
490 817 610 866 potius
636 815 745 852 scribi
775 813 958 859 debuisse,
995 812 1066 850 hoc
1095 813 1192 849 enim
1219 814 1403 860 facientis,
1435 814 1662 863 persuadere
1684 813 1905 864 perficientis
1928 830 2007 854 esse
2023 816 2095 868 44).

310 884 364 921 At
391 883 516 921 eodem
545 882 707 932 exemplo
736 880 864 919 Cicero
893 879 940 916 ad
969 879 1075 916 Fam.
1104 879 1200 916 XII.
1227 878 1306 917 25:
1345 893 1413 918 nec
1435 886 1567 931 postea
1594 881 1721 918 destiti
1744 880 1971 933 labefactare
1998 897 2094 931 eum,

309 951 375 1003 qui
399 964 539 988 summa
567 961 645 986 cum
680 953 742 984 tua
771 947 908 997 injuria
937 946 1233 997 contumeliaque
1256 947 1314 983 rei
1336 946 1513 996 publicae
1535 948 1770 997 provinciam
1796 949 1927 986 absens
1957 951 2097 987 obtine-

312 1019 396 1065 bat3
431 1031 503 1068 quo
534 1018 570 1053 in
604 1015 684 1051 loco
717 1020 779 1050 aut
811 1013 903 1050 illud
930 1013 1204 1052 concedendum
1231 1019 1308 1061 est,
1347 1013 1575 1066 labefactare
1604 1014 1651 1052 ad
1678 1015 1795 1053 solum
1820 1014 2014 1067 dejiciendi
2037 1030 2098 1055 co-

310 1091 431 1121 natum
462 1088 643 1133 spectare,
674 1087 735 1118 aut
760 1080 1058 1132 intelligendum,
1092 1082 1199 1119 etiam
1231 1094 1273 1119 ea
1301 1080 1413 1118 verba
1423 1107 1436 1128 ‚
1467 1095 1561 1132 quae
1586 1082 1798 1133 perficiendi
1825 1083 1899 1119 vim
1924 1082 2096 1132 habeant,

309 1165 390 1188 cum
420 1152 485 1198 iis,
518 1162 610 1200 quae
637 1147 683 1184 ad
712 1154 881 1185 conatum
909 1154 1097 1199 spectent,
1128 1148 1310 1186 interdum
1337 1149 1387 1186 ita
1412 1148 1519 1200 jungi
1550 1163 1679 1200 posse,
1714 1157 1754 1187 ut
1782 1151 1813 1187 is
1840 1151 1917 1201 ipse
1946 1158 2099 1189 conatus

309 1217 515 1269 perficiendi
539 1229 640 1267 spem
668 1214 803 1252 habere
828 1214 1009 1252 videatur.
1067 1215 1209 1265 Nempe
1235 1216 1343 1266 coepi
1367 1217 1525 1254 suadere
1551 1216 1643 1254 nihil
1669 1218 1738 1254 nisi
1762 1217 1964 1268 simplicem
1989 1232 2099 1256 cona-

308 1291 382 1322 tum
409 1283 588 1332 declarat3
622 1282 730 1332 coepi
751 1283 977 1332 persuadere
1005 1282 1188 1334 significat
1217 1295 1274 1319 me
1301 1283 1339 1319 in
1366 1295 1410 1320 eo
1437 1282 1552 1321 fuisse
1580 1289 1622 1320 ut
1643 1283 1899 1334 persuaderem
1928 1285 2100 1323 alterum-

307 1365 376 1402 que
403 1350 522 1387 verbis
549 1351 638 1388 meis
659 1349 738 1400 jam
770 1351 820 1386 ita
845 1349 1106 1387 labefactatum
1132 1363 1232 1397 esse,
1263 1355 1304 1386 ut
1330 1362 1414 1400 spes
1438 1357 1534 1389 esset
1558 1351 1638 1389 fore
1669 1357 1710 1388 ut
1739 1358 1968 1401 moveretur3
2007 1366 2102 1403 quae

307 1419 337 1455 si
375 1424 461 1455 tunc
493 1417 600 1454 Bruti
635 1430 745 1454 causa
783 1416 923 1465 suerat,
965 1416 1059 1454 nihil
1091 1415 1335 1467 impediebat,
1380 1417 1577 1467 quominus
1611 1418 1661 1455 ita
1697 1417 1893 1467 scriberet3
1936 1420 1992 1455 sin
2027 1432 2101 1457 nou

306 1485 444 1531 suerat,
480 1497 525 1520 ne
553 1484 590 1519 id
616 1484 763 1534 quidem
789 1484 890 1534 quod
917 1483 1160 1520 Marklandus
1189 1483 1292 1529 vult,
1327 1485 1436 1532 coepi
1457 1485 1638 1530 suadere,
1677 1485 1755 1520 siue
1786 1485 1984 1522 offensione
2011 1487 2100 1522 scri-

306 1551 389 1588 bere
410 1557 563 1601 poterat,
594 1552 680 1600 quia
704 1558 782 1587 tum
811 1551 916 1587 suasi
935 1550 1152 1597 suffecisset,
1189 1555 1386 1599 nostroque
1408 1548 1495 1599 jure
1516 1562 1787 1600 quaereremuS,
1823 1563 1890 1588 cur
1911 1551 1964 1599 id,
2000 1552 2100 1602 quod

306 1619 342 1655 in
370 1618 481 1669 ipsius
512 1623 690 1668 potestate
714 1622 806 1665 erat,
838 1617 998 1667 incipere
1028 1622 1184 1663 tantum,
1215 1628 1289 1653 non
1320 1615 1441 1653 facere
1472 1615 1680 1654 maluisset!
1737 1616 1783 1653 In
1813 1624 1981 1667 quarta
2009 1631 2099 1669 qno-

307 1698 376 1736 que
406 1684 489 1722 libri
523 1685 630 1735 primi
661 1685 785 1735 inepte
813 1690 1004 1735 argutatur
1030 1682 1296 1730 Marklandus,
1340 1696 1454 1733 quum
1487 1689 1595 1733 neget
1629 1683 1774 1720 licuisse
1813 1684 1953 1723 dicere:
1994 1689 2102 1738 quasi

308 1767 381 1790 uon
411 1754 520 1790 liceat
550 1752 699 1790 traduci
730 1752 782 1788 ad
809 1751 911 1788 mala
945 1750 1103 1788 consilia
1135 1755 1348 1800 cor-mptum
1386 1749 1646 1801 larqitionibns
1677 1751 1863 1800 animum3
1899 1751 2033 1803 quibus
2060 1755 2099 1790 in

308 1820 426 1858 verbis
462 1821 551 1857 duas
587 1833 646 1856 res
678 1818 932 1869 reprehendit:
977 1819 1132 1868 primum
1166 1816 1266 1866 quod
1306 1816 1417 1853 liceat
1450 1816 1588 1854 dictum
1623 1819 1671 1855 sit
1707 1832 1774 1868 pro
1809 1820 1926 1869 possit
1935 1834 1949 1867 ς
1988 1819 2099 1858 licere

307 1890 402 1926 enim
428 1888 466 1925 id
492 1893 652 1934 tantum,
688 1885 787 1937 quod
818 1886 959 1937 leqibus
988 1891 1053 1922 aut
1079 1897 1181 1921 more
1208 1883 1392 1933 rviaJorum
1420 1883 1658 1936 institutoque
1682 1886 1928 1934 concedatur,-
1967 1886 2097 1925 deinde

307 1955 404 2006 quod
436 1955 651 2006 larqitiones
678 1953 777 1991 solae
809 1954 887 1990 sine
919 1952 1101 1988 honorum
1132 1949 1311 1987 vocabulo
1341 1957 1688 1999 commemorentur,
1720 1965 1794 2002 quo
1820 1954 1953 1991 omisso
1982 1953 2098 1991 ambi-

305 2023 476 2072 guitatem
513 2022 665 2058 existere
704 2022 839 2070 arguit.
907 2018 962 2054 At
999 2017 1044 2055 de
1082 2018 1214 2066 prioris
1249 2017 1419 2055 vocabuli
1455 2031 1523 2055 usu
1561 2019 1679 2068 ipsum
1717 2018 1930 2058 Ciceronem
1971 2027 2097 2059 testem

360 2176 407 2211 43)
427 2178 564 2204 Remnrks
583 2186 614 2213 p.
639 2175 673 2201 49
685 2187 692 2200 ι
724 2185 742 2201 a
760 2183 863 2211 person
882 2173 947 2200 wluo
968 2173 1073 2209 pushes
1091 2173 1211 2199 another
1228 2173 1304 2209 from
1324 2173 1381 2199 him
1400 2172 1471 2199 with
1491 2172 1536 2199 his
1555 2173 1650 2204 hand,
1672 2173 1730 2200 tho’
1750 2183 1812 2200 ever
1830 2183 1860 2200 so
1880 2174 2001 2210 yearly,
2032 2173 2099 2200 does

305 2237 442 2255 movere
471 2228 573 2259 illum;
604 2228 656 2253 lmt
682 2226 714 2263 if
730 2226 764 2252 he
793 2225 859 2252 does
883 2226 907 2251 it
930 2234 960 2251 so
981 2225 1139 2259 violemly,
1168 2235 1199 2250 ns
1221 2229 1249 2251 to
1271 2234 1354 2251 cause
1374 2225 1420 2251 ilie
1439 2224 1519 2250 other
1539 2229 1566 2251 to
1586 2229 1703 2262 staqqer
1723 2225 1782 2251 aad
1802 2231 1829 2252 to
1848 2226 1881 2252 be
1899 2235 1970 2252 near
1987 2225 2097 2262 falling

305 2279 404 2311 down,
435 2280 470 2306 Ιιε
496 2279 568 2314 does·¹
589 2278 830 2315 labefactare
856 2276 956 2307 illum,
986 2275 1045 2302 and
1071 2276 1210 2312 therefore
1235 2286 1377 2304 movere
1397 2277 1508 2313 always
1526 2286 1595 2314 qoes
1615 2277 1709 2313 before
1736 2277 1976 2313 labefactare
2001 2279 2032 2304 in
2053 2277 2099 2303 the

307 2330 385 2355 order
405 2330 443 2366 of
453 2335 565 2356 nature.

360 2381 406 2415 44)
428 2383 460 2407 P.
477 2381 530 2407 27:
555 2381 589 2406 lae
609 2381 747 2415 certainly
768 2384 864 2405 meant
881 2378 1042 2404 suadere
1062 2378 1266 2413 coepimus,
1290 2378 1339 2404 but
1359 2377 1410 2404 did
1429 2383 1478 2404 not
1498 2379 1597 2408 know,
1619 2387 1651 2404 or
1669 2378 1729 2404 lead
1745 2378 1863 2414 [δι-901,
1883 2378 1930 2404 the
1950 2377 2098 2413 differenee

308 2433 427 2458 between
447 2433 604 2459 sundere
623 2431 683 2458 and
700 2430 928 2468 persuadere
949 2449 955 2455 .
981 2450 987 2455 .
1012 2449 1018 2455 .
1048 2429 1141 2456 which
1169 2429 1248 2456 looks
1269 2439 1345 2456 more
1371 2429 1426 2456 11⁸1oe
1453 2430 1500 2457 the
1526 2429 1649 2457 blanden·
1674 2429 1713 2465 of
1731 2439 1749 2455 a
1775 2428 1891 2456 modern
1917 2428 2097 2464 school-bey

310 2483 377 2508 than
400 2483 446 2509 the
464 2485 580 2520 writiuq
607 2484 646 2519 of
662 2493 700 2509 au
721 2483 850 2513 nuntiet-13
881 2482 920 2507 cf.
944 2491 975 2516 p.
1001 2481 1069 2506 125:
1101 2481 1160 2506 aml
1180 2481 1236 2506 this
1257 2480 1331 2506 little
1351 2481 1477 2507 instance
1496 2482 1535 2517 of
1551 2481 1609 2508 bad
1627 2481 1717 2507 Latin
1735 2489 1821 2507 seem
1840 2485 1867 2506 to
1889 2480 1922 2505 be
1940 2489 1973 2506 as
1992 2481 2097 2506 certain

310 2543 326 2559 a
345 2534 437 2570 proof
449 2535 487 2570 of
496 2535 541 2562 the
558 2535 674 2572 forqery
696 2535 735 2571 of
748 2534 823 2561 these
843 2533 949 2565 letters,
970 2543 1002 2559 as
1022 2534 1205 2570 coepimus
1224 2532 1442 2569 persuadere
1462 2542 1494 2559 or
1513 2542 1570 2567 any
1593 2531 1633 2567 of
1646 2530 1693 2557 the
1712 2530 1984 2561 above-mentioned,
2003 2530 2097 2558 wluicle

311 2586 380 2611 Ιιηυε
400 2596 416 2610 a
436 2596 508 2612 tunore
525 2587 641 2623 ylarius]
661 2595 840 2623 appearance
859 2585 898 2620 of
910 2586 1066 2622 iqnomney
1088 2586 1116 2611 iu
1139 2585 1185 2611 {lue
1204 2585 1291 2611 Latin
1314 2589 1428 2621 lonque.
