2308 2908
1118 182 1193 224 48

378 303 461 337 dam
500 310 583 334 vero
614 304 753 346 tempus
783 303 924 340 monet‚
968 303 1005 331 nt
1034 296 1211 344 peractis,
1251 308 1342 344 quae
1369 294 1453 330 buie
1483 296 1628 344 quidem
1658 297 1893 346 disputationi
1923 314 2052 351 propo-

260 381 413 412 sueram,
447 363 489 400 ad
519 363 553 398 id
583 365 700 412 ipsum
730 362 888 409 redeam,
920 361 1017 411 quod
1046 361 1253 411 disputandi
1284 362 1370 396 milii
1399 364 1626 398 occasionem
1654 363 1833 413 praebuit,
1875 368 2053 416 totiusque

260 442 400 471 nostrae
432 429 653 467 Academiae
680 429 792 479 jussu
829 437 863 466 et
898 430 1109 464 anctoritate
1140 429 1360 464 {iniustissima
1398 437 1478 464 vota
1508 430 1551 465 ad
1582 432 1778 466 saecularia
1808 433 1938 468 Vestra
1968 434 2053 468 atl'e·

259 517 344 539 ram.
405 499 486 545 Qua
518 498 552 532 in
585 497 895 547 congratulatione
932 510 1000 531 non
1039 495 1127 530 illud
1166 503 1304 531 tantum
1343 503 1570 545 spectamus,
1614 497 1711 547 quod
1740 511 1864 534 omncs
1893 500 2052 534 omnium

256 579 430 607 terrarum
461 564 751 616 populorumque
783 564 948 609 scholaeq
992 576 1083 612 quae
1113 563 1222 598 literis
1258 563 1467 613 artibusque
1507 565 1688 601 tradendis
1723 579 1765 601 ae
1801 566 2052 614 promovendis

256 638 440 674 institutae
471 639 576 678 sunt,
610 632 677 668 bae
707 634 782 682 ipsa
816 631 1016 667 studiorum
1051 633 1305 667 communione
1335 633 1383 666 ita
1413 631 1705 682 conjunguntur,
1745 640 1782 669 ut
1819 633 2052 682 quidcunque

2016 702 2051 750 {ii

256 777 538 808 consentaneum
567 769 634 812 ⁵3²7
678 767 740 802 sed
776 768 881 802 etiam
920 765 1092 814 peculiari
1122 766 1280 814 quodam
1311 767 1430 802 Vestri
1468 781 1588 802 amore
1618 775 1650 803 ct
1685 767 1920 804 admiratione
1951 767 2051 804 duci-

258 706 316 740 uni
347 703 495 738 alterixc
526 700 606 735 lacti
643 706 703 735 ant
731 712 835 735 secus
864 698 1028 742 accidat,
1070 698 1195 733 eodem
1232 706 1369 734 ceteras
1406 713 1550 748 qnoque
1586 714 1652 749 pro
1690 700 1781 735 virili
1817 708 1916 749 parte
1955 708 2012 736 tan

256 853 357 883 mur,
388 838 451 886 qui
480 837 515 871 in
542 836 707 870 extremis
737 835 870 883 patriae
900 834 972 868 oris
1001 834 1186 869 constituti
1216 833 1393 870 bonarum
1423 835 1551 869 artium
1583 834 1784 881 scintillas,
1817 849 1906 884 quas
1937 834 2052 871 tribus

256 906 388 942 abhinc
417 902 569 939 saeculis
601 901 743 938 divinus
770 901 1009 937 Germanicae
1039 901 1195 936 nationis
1227 902 1329 951 vigor
1358 902 1573 951 procreavit,
1606 901 1696 937 adeo
1725 902 1881 947 fovistis,
1915 909 1952 937 ut
1981 915 2051 938 non

256 973 371 1009 solum
405 972 487 1006 istas
519 976 629 1004 terras
658 981 699 1004 ex
730 969 876 1017 antiqua
912 967 1076 1003 barbarie
1110 967 1155 1002 ad
1193 975 1335 1003 nostrae
1367 969 1528 1004 culturae
1559 970 1869 1018 participationem
1901 983 2051 1005 conver-

256 1042 387 1075 teretis.
420 1051 542 1072 xerum
568 1037 675 1071 etiam
706 1036 847 1083 insigne
877 1036 1062 1070 doctrinae
1092 1035 1212 1070 lumen
1243 1036 1348 1071 istinc
1379 1037 1413 1070 in
1443 1036 1520 1084 ipsa
1546 1037 1680 1084 patriae
1709 1036 1919 1072 eruditionis
1945 1050 2050 1085 pene-

256 1107 358 1143 tralia
391 1103 597 1152 refulgeret.
657 1103 827 1151 Longum
862 1109 914 1137 est
950 1101 1130 1138 clarorum
1167 1103 1353 1137 nominum
1391 1103 1519 1138 scriem
1554 1116 1785 1148 enumerare,
1828 1102 1959 1152 quibus
1990 1116 2053 1152 per

257 1182 306 1210 tot
337 1171 479 1208 saecula
510 1177 543 1205 et
579 1172 655 1218 ipsa
686 1169 816 1205 Vestra
845 1169 1046 1205 Academia
1080 1169 1317 1206 condecorata
1353 1175 1405 1205 est
1435 1176 1469 1206 et
1501 1176 1612 1206 totam
1642 1184 1787 1206 rursum
1817 1169 2050 1206 Germaniam

258 1241 440 1277 decoravit
461 1237 751 1285 illustrauitque:
784 1249 937 1286 quorum
963 1234 1022 1272 ubi
1049 1250 1160 1272 unum
1187 1235 1293 1272 modo
1322 1236 1482 1272 omnium
1517 1236 1622 1273 facile
1651 1237 1850 1288 principem
1878 1236 2050 1272 liantium

259 1309 514 1350 nominavero„
559 1306 594 1339 in
625 1310 721 1340 tanta
752 1305 853 1353 copia
884 1304 941 1338 vix
971 1303 1126 1352 aliquam
1156 1304 1370 1340 Vcstrarum
1402 1303 1548 1340 laudum
1583 1312 1721 1354 partem
1751 1318 1805 1340 me
1835 1304 2055 1353 expressisse

260 1382 355 1410 recte
393 1372 499 1409 novi:
541 1370 635 1407 idem
662 1376 782 1406 tamen
816 1371 845 1405 si
879 1371 1004 1419 paucis
1039 1369 1158 1406 xci-bis
1192 1372 1393 1406 animorum
1425 1377 1628 1406 nostrorum
1657 1385 1784 1407 sensus
1814 1370 2052 1419 comprehcn-

258 1442 343 1478 derc
373 1453 507 1490 cogor,
540 1452 610 1475 non
637 1451 784 1484 vereor,
817 1451 860 1473 nc
887 1437 966 1473 idco
996 1444 1055 1473 aut
1085 1439 1202 1473 minus
1231 1439 1325 1487 grati
1354 1439 1470 1474 avitae
1499 1438 1652 1474 Vestrae
1679 1438 1815 1487 gloriae
1845 1438 2053 1474 memoriam

261 1508 439 1552 recolere7
481 1513 541 1541 aut
578 1507 741 1540 futurum
781 1504 1031 1553 splendorem,
1074 1518 1180 1553 quem
1218 1511 1269 1540 tot
1305 1504 1573 1553 praeclarorum
1601 1506 1827 1554 ingeniorum
1858 1511 2054 1553 proventus

263 1575 376 1612 Vobis
413 1574 612 1623 praesagit,
660 1570 890 1621 segnioribus
936 1570 1064 1606 studiis
1104 1572 1272 1620 prosequi
1317 1570 1515 1607 videamur.
1584 1571 1693 1607 Fam
1736 1572 1835 1608 Deus
1878 1571 2051 1607 feliciter!

258 1655 347 1680 nos..
384 1639 561 1689 quidquid
592 1640 700 1674 fausti
730 1637 845 1674 Vobis
875 1636 1170 1686 Academiaeque
1200 1638 1354 1674 Vestrae
1385 1639 1600 1688 contigerit‚
1635 1639 1889 1675 sincerissimis
1917 1637 2054 1687 plausi-

257 1710 325 1745 bus
354 1709 574 1756 excipientes
601 1704 795 1751 babebitis⁷
834 1719 951 1754 neque
981 1718 1187 1754 quenquam
1211 1710 1374 1741 nostrum
1404 1718 1482 1742 csse
1509 1705 1627 1743 Vobis
1655 1703 1932 1756 persuadebitis,
1964 1705 2051 1755 quin

257 1779 302 1813 ita
340 1774 437 1825 apud
474 1788 511 1811 se
550 1773 766 1818 constituat⁷
819 1772 911 1808 inter
956 1785 1081 1808 omnes
1120 1773 1322 1808 communis
1368 1773 1503 1822 patriae
1539 1773 1803 1809 [niversiiates
1845 1773 1904 1807 vix
1941 1771 2053 1807 ullam

255 1843 429 1889 inveniri,
479 1842 536 1878 cui
576 1839 711 1876 bonum
749 1839 864 1876 civem
908 1841 1021 1890 magis
1060 1840 1180 1875 faxere
1217 1841 1404 1890 magisque
1442 1840 1534 1875 laeta
1572 1841 1692 1875 onmia
1737 1841 1875 1890 precari
1914 1839 2051 1884 deceat⁷

253 1926 361 1963 quam
390 1910 581 1955 Vestram,
621 1908 703 1945 Viri
732 1906 973 1944 Illustrissimi
1001 1915 1035 1944 et
1067 1906 1317 1957 Amplissimi‚
1350 1910 1412 1958 qui
1442 1920 1515 1958 quo
1544 1906 1687 1957 longius
1715 1920 1734 1942 a
1765 1906 1868 1944 nobis
1901 1905 2051 1953 abestis7

254 1994 294 2016 eo
327 1978 549 2015 ardentiores
578 1976 740 2014 omnium
775 1988 881 2012 curas
910 1975 994 2024 jure
1024 1977 1222 2024 meritoque
1256 1976 1433 2011 excitatis.

371 2047 417 2082 P.
445 2046 494 2082 P.
525 2046 560 2082 in
593 2043 795 2082 Academia
821 2041 981 2093 Georgia
1011 2040 1182 2093 Augusta
1216 2042 1310 2092 prid.
1340 2042 1429 2079 Idus
1456 2042 1614 2080 Sextiles
1645 2055 1679 2078 a.
1713 2040 2047 2079 MDCCCXLIV.
