2308 2908
1138 150 1216 194 14

280 288 367 313 cum
403 272 554 311 Davisio
588 268 635 305 ad
673 265 832 304 Tuscul.
861 265 939 301 111.
970 261 1028 299 29
1067 275 1194 299 verum
1229 261 1328 312 apud
1363 263 1523 312 optimos
1557 263 1760 312 scriptores
1785 264 1891 314 justi
1920 273 1957 304 et
1992 269 2090 305 recti

281 346 491 394 potestatem
519 334 653 373 habere
681 331 870 378 concedat,
900 329 1067 368 dubitare
1090 330 1219 380 possit,
1249 342 1338 365 num
1367 334 1407 365 ut
1433 334 1533 366 recte
1557 329 1722 366 seribere
1745 328 1931 381 (Philipp.
1953 332 2025 369 Χ.“
2038 332 2087 386 2)

281 415 319 447 et
334 409 440 459 justa
469 402 680 455 eloquentia
705 399 833 452 (Brut.
864 412 899 436 c.
922 397 999 449 90)
1026 399 1076 434 ita
1103 397 1332 434 verissimum
1359 396 1514 432 dicendi
1532 409 1649 447 qenus
1674 403 1774 435 recte
1802 397 1959 454 dica—tur.
2017 399 2083 437 Sic

281 475 411 514 Cicero
438 470 605 521 Philipp.
635 468 732 506 ΧΠ.
761 466 790 505 2
826 466 1037 516 verissimas
1060 464 1370 515 qravissimasqae
1397 464 1599 502 sententiae
1626 462 1739 512 dixit,
1783 460 1847 503 ubi
1875 465 1969 504 nihil
1996 479 2083 504 cau·

280 554 340 579 sae
367 545 424 578 est
452 551 519 576 cur
547 550 631 574 cum
658 534 845 573 nonnullis
871 532 1121 570 severissimae
1146 529 1437 578 substituantur3
1474 530 1529 566 sic
1556 542 1625 580 pro
1651 529 1775 567 Sestio
1802 543 1837 567 c.
1866 531 1946 568 54:
1987 532 2086 570 laune

281 621 386 646 nemo
426 611 507 642 erat
542 604 634 655 quin
666 603 854 640 verissime
889 601 1023 636 sento-e
1058 599 1222 643 diceret,
1260 596 1300 633 h.
1333 610 1367 634 e.
1401 597 1629 645 rectissime3
1668 598 1724 634 sic
1757 597 1959 635 Sallustius
1985 600 2085 650 apud

281 674 450 714 Servium
474 670 522 708 ad
549 667 709 708 Aeneid.
739 668 836 706 XII.
867 665 976 704 694:
1005 665 1139 716 paucis
1170 664 1305 716 quibus
1328 663 1470 714 peritia
1499 669 1535 701 et
1562 676 1690 702 verum
1720 664 1908 716 inqenium
1938 672 1993 704 est
2018 667 2085 705 ab·

279 733 499 787 intentam,
542 737 717 787 multique
752 735 813 771 alii
848 735 912 784 qui
948 732 1144 769 laudantur
1179 744 1201 767 a
1236 732 1360 768 Pareo
1397 731 1494 768 Lex.
1533 732 1617 768 crit.
1657 745 1696 782 p.
1732 730 1847 768 1285
1884 738 1920 769 et
1952 733 2081 785 Intpp.

279 811 416 847 Horat.
447 808 570 858 Epist.
594 806 628 843 Ι.
660 803 700 842 7.
729 801 809 852 983
850 803 962 839 immo
997 801 1167 839 universe
1201 799 1417 838 Priscianus
1453 799 1610 839 XVIII.
1639 798 1750 838 206:
1786 801 1912 839 nostri
1939 815 2085 855 quoque

278 889 407 915 verum
444 887 515 926 pro
543 873 649 924 justo
685 875 720 908 et
743 870 889 921 justum
923 880 994 919 pro
1030 880 1118 905 vero
1153 867 1370 920 frequenter
1397 873 1543 918 ponunt
1551 881 1565 917 ,-
1604 867 1664 905 vel
1699 873 1740 905 ut
1776 868 1928 919 propius
1962 869 2009 907 ad
2045 869 2084 908 id

280 943 380 994 quod
406 955 463 978 res
491 947 546 977 est
572 938 810 984 accedamus,
841 936 1117 982 Quinctiliauus
1145 936 1200 972 Π.
1229 935 1301 972 20.
1331 935 1361 972 4
1388 950 1515 973 veram
1544 937 1756 974 rhetoricen
1785 937 1896 974 etv.
1928 936 1998 974 12.
2027 937 2082 975 17

280 1025 404 1049 veram
437 1008 631 1059 imaqinem
657 1004 795 1042 orandi
818 1003 1041 1055 appellavit3
1071 1004 1151 1055 ipse
1172 1002 1330 1055 denique
1353 1001 1488 1043 Cicero
1515 1002 1626 1042 Orat.
1655 1003 1733 1042 111.
1763 1001 1842 1041 14³
1881 1017 1994 1053 vero,
2025 1005 2082 1044 in-

275 1078 376 1129 quit,
417 1074 562 1112 oratori
587 1085 683 1125 quae
712 1076 800 1108 sunt
831 1072 871 1106 iu
899 1071 1091 1107 hominum
1128 1072 1207 1107 vila
1236 1072 1362 1107 omnia
1397 1071 1566 1122 quaesita
1598 1072 1730 1107 audita
1764 1070 1860 1108 lecta
1891 1073 2083 1122 disputata

275 1151 435 1182 tractata
464 1143 606 1194 agitata
639 1154 716 1179 esse
744 1140 900 1186 debent,
938 1138 1044 1190 cujus
1075 1138 1222 1177 dicendi
1248 1153 1366 1191 genus
1395 1152 1463 1177 eur
1490 1153 1565 1177 non
1592 1139 1720 1177 eodem
1746 1138 1928 1178 vocabulo
1955 1154 2084 1178 verum

277 1210 523 1263 appellemus?
577 1208 755 1260 Sequitur
783 1212 916 1246 sexta
953 1205 1131 1244 decima
1163 1206 1273 1244 Bruti
1297 1205 1344 1244 ad
1371 1207 1494 1258 ipsum
1522 1205 1762 1256 Ciceronem,
1802 1220 1896 1258 quae
1922 1214 1962 1246 ut
1990 1222 2081 1246 non-

277 1279 375 1316 nulla
403 1279 584 1324 continet,
622 1289 716 1327 quac
741 1276 812 1327 ipsi
839 1288 927 1312 mox
954 1274 1072 1326 magis
1098 1287 1143 1311 ex
1171 1274 1360 1325 scriptoris
1389 1273 1523 1311 duritia
1551 1274 1709 1326 quadam
1733 1287 1843 1326 quam
1873 1274 2086 1313 Ciceronia-

275 1361 404 1385 norum
440 1345 685 1396 exemplorum
719 1344 921 1382 imitatione
957 1342 1242 1390 excusabimus,
1282 1343 1332 1380 ita
1360 1342 1525 1393 'plurima
1561 1357 1687 1381 eorum
1716 1356 1812 1394 quae
1842 1343 2085 1382 Marklandus

205 1459 207 1461 ¹
275 1414 526 1467 reprehendit,
572 1426 618 1451 ne
654 1411 755 1464 apud
786 1425 971 1450 summum
1006 1410 1155 1463 quidem
1190 1416 1372 1448 oratorem
1406 1409 1608 1462 quidquam
1642 1410 1854 1449 offensionis
1888 1410 2080 1450 haberent.

274 1478 338 1516 An
365 1477 538 1516 credibile
561 1486 640 1528 est,
678 1481 718 1517 in
745 1479 817 1517 hac
841 1479 1134 1517 constructione:
1180 1477 1361 1516 Octavius
1388 1479 1420 1514 is
1448 1483 1523 1526 est,
1558 1478 1625 1530 qui
1654 1479 1748 1530 quid
1770 1479 1817 1516 de
1847 1480 1955 1516 nobis
1973 1480 2082 1531 judi-

274 1553 421 1584 caturus
447 1548 496 1583 sit
527 1554 712 1597 exspectet
742 1548 907 1597 populus
930 1546 1129 1583 Romanus
1136 1572 1150 1592 ,
1182 1545 1241 1582 vel
1268 1547 1423 1583 tironem
1449 1544 1542 1582 adeo
1568 1544 1764 1582 haesurum
1792 1559 1897 1593 esse,
1927 1553 1968 1583 ut
1996 1560 2080 1583 cum

273 1613 349 1662 illo,
384 1614 459 1651 nisi
486 1613 639 1666 Sibylla
668 1614 815 1666 leqerit,
847 1613 966 1652 alium
996 1613 1179 1650 neminem
1210 1613 1454 1663 interpretari
1476 1624 1587 1662 posse
1612 1617 1727 1663 putet,
1763 1612 1932 1665 idemque
1956 1626 1980 1650 a
2008 1626 2081 1666 quo

273 1695 340 1732 pro
368 1682 433 1733 qui
453 1688 653 1733 exspectet,
689 1682 849 1733 denique
876 1681 981 1719 nullo
1007 1681 1079 1718 alio
1107 1680 1217 1718 modo
1241 1694 1281 1718 se
1307 1680 1490 1731 expediat,
1521 1694 1631 1731 quam
1663 1686 1705 1718 ut
1732 1682 1917 1719 teterrimo
1940 1680 2083 1719 scilicet

272 1748 486 1787 soloecismo
519 1748 565 1786 ab
600 1749 833 1788 anacoluthia
862 1749 1035 1800 turpique
1066 1748 1258 1799 scriptoris
1286 1748 1479 1785 oscitantia
1509 1748 1652 1785 veniam
1681 1754 1780 1799 petat
1798 1747 1883 1800 28)?
1937 1747 2081 1786 Taedet

272 1816 439 1865 profecto
473 1815 622 1868 longum
657 1830 740 1854 esse
776 1817 822 1854 de
857 1830 898 1854 re
930 1817 969 1852 iu
1003 1814 1141 1852 scholis
1176 1815 1391 1867 pervulgata
1402 1830 1414 1864 3
1455 1822 1615 1853 attamen
1641 1817 1814 1866 quoniam
1841 1816 1950 1852 etiam
1980 1828 2080 1852 nunc

272 1889 380 1931 sunt,
410 1883 510 1934 apud
537 1897 629 1934 quos
653 1883 865 1922 Marklandi
892 1884 1090 1921 auctoritas
1119 1883 1156 1919 in
1184 1883 1256 1920 hoc
1283 1896 1417 1934 genere
1445 1882 1568 1920 valere
1594 1882 1783 1932 videatur,
1814 1896 1930 1934 pauca
1958 1896 2080 1920 exem-

272 1949 332 2001 pla
366 1963 411 1987 ex
447 1963 573 1988 eorum
608 1964 762 1989 numero
796 1949 960 2002 subjeci,
1005 1950 1139 2002 quibus
1170 1949 1244 2001 jam
1271 1950 1464 2002 Fit-tigerus
1492 1952 1530 1988 in
1564 1950 1754 2002 praeclaro
1780 1949 1897 1988 libro:
1942 1950 2080 1988 Unter·

274 2017 488 2071 suchuugen
517 2033 583 2056 aus
611 2018 694 2056 dem
724 2017 878 2056 Gebiete
906 2018 971 2056 der
999 2016 1236 2056 lateinischen
1264 2017 1515 2068 Sprachlehre
1542 2017 1851 2071 (Braunschweig
1875 2016 2002 2056 1827.
2034 2016 2081 2066 8)

273 2086 324 2123 Τ.
350 2086 425 2134 111,
456 2101 495 2138 p.
520 2085 610 2124 240
634 2099 719 2137 sqq.
750 2085 1059 2138 elegantissimum
1092 2086 1192 2124 hunc
1226 2099 1335 2124 usum
1363 2085 1580 2125 illustravit:
1623 2088 1709 2125 Fin.
1741 2087 1796 2125 11.
1828 2085 1907 2125 2οε
1950 2086 2083 2124 aberat

329 2253 377 2287 28)
397 2254 534 2280 Remu-ks
554 2263 583 2290 p.
601 2253 654 2279 35:
675 2253 758 2279 when
778 2253 812 2278 he
831 2257 918 2279 wrote
938 2254 985 2279 the
1002 2252 1067 2289 first
1083 2258 1162 2289 part,
1183 2253 1219 2279 loe
1237 2253 1373 2280 intended
1392 2259 1419 2280 lo
1440 2254 1512 2280 have
1531 2253 1632 2280 drawn
1652 2255 1676 2281 it
1694 2263 1733 2290 up
1756 2254 1787 2280 in
1805 2263 1824 2279 a
1844 2252 1975 2289 different
1992 2252 2078 2288 form,

275 2304 333 2330 and
353 2309 379 2332 to
403 2306 474 2333 have
492 2305 588 2333 added
608 2315 627 2332 a
646 2305 713 2331 verb
733 2304 829 2331 which
847 2304 953 2332 should
974 2315 1083 2332 amwer
1104 2310 1131 2332 το
1159 2305 1240 2342 qui,
1272 2315 1305 2331 as
1331 2307 1356 2332 ιἰ·
1381 2306 1492 2342 altuaye
1518 2305 1591 2333 done
1617 2307 1648 2333 ὑι
1676 2305 1733 2332 this
1756 2305 1833 2341 form
1858 2304 1897 2340 of
1916 2304 2080 2340 expression

277 2357 313 2389 by
334 2357 376 2381 all
395 2359 520 2388 writers,
540 2357 601 2383 and
620 2357 651 2382 t’n
674 2356 774 2382 Cicero
793 2356 919 2392 perhaps
936 2356 1005 2392 fifty
1028 2358 1123 2387 limen
1152 2357 1205 2382 but
1222 2356 1266 2381 1ιὺ
1286 2366 1407 2391 nnemory
1427 2366 1513 2383 seems
1533 2362 1561 2383 to
1582 2357 1653 2382 have
1671 2356 1760 2392 sail'tl
1779 2356 1837 2381 hin·
1858 2355 1954 2390 before
1973 2354 2008 2379 he
2026 2359 2079 2390 qo!

279 2412 305 2432 to
326 2407 380 2434 end
399 2408 437 2444 of
450 2409 496 2435 the
515 2414 659 2439 sentem-e,-
689 2417 720 2435 so
742 2407 807 2434 that
824 2407 862 2435 Ιιε,
874 2407 926 2435 has
945 2408 999 2444 left
1017 2408 1063 2435 the
1080 2408 1186 2444 former
1204 2414 1273 2445 part
1292 2408 1331 2445 of
1343 2409 1385 2440 it,
1406 2419 1438 2435 as
1459 2409 1494 2435 he
1514 2408 1674 2446 originally
1695 2406 1827 2445 desiyn’d
1845 2407 1885 2438 ia,
1905 2406 1977 2433 with
2001 2407 2077 2443 qui,

278 2458 336 2483 and
358 2459 404 2484 the
424 2460 518 2490 latter,
540 2471 572 2487 as
592 2461 624 2496 if
637 2461 672 2486 he
695 2460 755 2485 had
774 2461 888 2486 written
908 2461 938 2485 iu
959 2459 1005 2485 the
1022 2460 1128 2495 former
1144 2465 1215 2496 pare
1233 2470 1251 2485 a
1271 2469 1352 2496 quo.
1393 2461 1454 2495 Ego
1474 2469 1542 2486 vero
1560 2464 1651 2495 puto,
1672 2460 1696 2486 si
1717 2469 1736 2485 a
1761 2468 1817 2493 quo
1840 2459 1978 2494 scriptum
2001 2459 2077 2493 lege-

278 2519 388 2539 remus,
409 2512 498 2540 multo
518 2513 655 2550 majorem
674 2513 800 2541 recentis
818 2512 937 2549 originis
958 2512 1150 2550 suspicionem
1171 2513 1250 2540 sore!
