2421 2972
287 314 420 353 dicitur
446 315 738 365 ut-exturbaret,
766 317 866 356 aliud
893 319 932 356 in
958 314 1211 366 eatarbandffi
1241 318 1280 355 h.
1306 331 1341 356 e.
1370 324 1447 356 tum
1474 332 1589 371 quum
1610 318 1816 357 Antonium
1842 317 2069 365 exturbaret,

288 395 356 418 nec
383 384 415 418 si
442 384 654 432 plerumque
678 384 838 435 dirigere
867 386 1076 436 adjunctam
1101 386 1213 423 habet
1239 400 1317 422 rem
1344 387 1402 422 vel
1428 387 1571 433 locum,
1608 389 1645 423 in
1673 400 1783 436 quem
1814 385 1955 435 aliquid
1982 384 2071 421 ‹nri-

286 455 414 500 gatur,
443 448 525 487 ideo
553 462 650 488 nunc
679 463 823 503 quoque
853 464 1000 490 necesse
1025 457 1103 499 est,
1136 451 1200 489 ubi
1224 452 1362 489 Brutus
1385 452 1505 503 ipsum
1533 452 1632 490 velut
1658 465 1808 490 cursum
1829 451 1963 504 judicii
1990 451 2071 489 lau-

286 515 369 562 dat,
406 528 514 565 quem
540 515 671 554 Cicero
696 523 868 567 tauquam
894 517 1117 568 guberuator
1147 517 1233 568 (pro
1267 518 1389 555 Sestio
1421 531 1456 554 c.
1483 517 1558 568 45)
1592 520 1631 555 in
1664 525 1826 568 tempore
1853 519 1918 555 illo
1945 516 2070 555 Anto·

285 582 396 620 niano
429 584 594 621 tenuerit.
657 584 848 623 ‚Iudicium
882 586 978 623 enim
1014 592 1244 636 comparatur
1277 586 1384 633 navi,
1427 597 1521 636 quae
1556 585 1665 623 etiam
1701 599 1773 623 nou
1808 584 1933 624 addito
1967 584 2066 633 loco,

284 661 392 699 quem
414 656 532 700 petat,
563 657 710 701 propter
733 652 850 702 ipsum
875 664 1021 689 cursum
1043 658 1144 690 recte
1170 658 1233 690 aut
1257 665 1363 689 secus
1390 651 1498 702 dirigi
1524 651 1598 688 dici
1624 657 1763 701 potest,
1792 659 1833 689 ut
1858 652 1956 703 apud
1981 651 2065 689 Cic.

284 714 330 751 de
356 715 441 752 Nat.
472 716 585 752 Deor.
613 717 667 753 11.
697 716 754 754 55
783 717 831 754 ab
860 718 996 756 Etesiis
1026 720 1143 756 ventis
1170 720 1281 755 etiam
1312 717 1494 755 maritimi
1515 731 1644 754 carras
1671 718 1807 755 celeres
1832 725 1867 755 et
1890 719 1985 756 certi
2008 719 2067 755 di-

284 781 476 832 riquntur3
516 781 585 820 hoc
618 784 728 835 igitur
753 785 784 822 si
806 783 885 836 jam
915 785 965 822 ita
991 784 1135 823 flectere
1162 784 1338 837 jubetur,
1379 790 1420 823 ut
1444 784 1573 823 eadem
1593 783 1729 836 judicii
1762 783 1932 822 firmitate
1958 785 2067 823 etiam

284 847 489 885 Octaviano
513 857 702 896 occurrat,
738 864 810 887 nou
842 852 986 888 invenio
1012 852 1110 902 quod
1136 858 1200 888 aut
1227 852 1411 888 soloeeum
1437 857 1502 887 aut
1528 850 1688 887 alienum
1716 863 1738 886 a
1766 852 1954 900 scriptoris
1981 864 2065 900 pro·

283 915 399 963 posito
424 914 495 950 dici
521 917 648 965 possit.
704 917 833 954 Restat
860 918 1097 968 maqnitado,
1126 931 1236 968 quam
1264 919 1389 969 negari
1414 917 1541 967 nequit
1565 929 1649 953 raro
1675 920 1818 953 tautum
1843 917 1924 953 siue
1950 917 2069 952 animi

281 978 524 1033 additamento
547 981 594 1017 ad
616 983 799 1033 ingenium
823 996 1015 1034 moresque
1041 984 1168 1021 referri
1180 984 1253 1034 ⁶2),
1285 997 1354 1021 nec
1380 985 1411 1020 si
1434 984 1515 1034 quis
1539 982 1753 1032 simpliciter
1777 996 1934 1034 maynus
1955 983 2065 1019 homo

200 1061 202 1064 ’
282 1044 428 1094 dicitur,
458 1048 591 1085 iccirco
612 1047 725 1086 solam
741 1048 820 1099 ejus
843 1050 1131 1101 maqnitadinem
1147 1049 1361 1101 praedicari,
1391 1056 1431 1087 ut
1448 1049 1495 1086 ad
1512 1047 1596 1087 Ate.
1611 1049 1684 1088 lv.
1703 1048 1753 1086 6:
1781 1049 1905 1086 viram
1928 1049 2066 1086 bonam

282 1118 318 1150 et
344 1126 515 1164 maqnam
547 1114 730 1151 hominem
756 1121 794 1152 et
819 1116 859 1151 in
884 1128 1024 1152 samma
1051 1117 1303 1168 magnitudine
1334 1116 1452 1152 animi
1476 1115 1593 1152 malta
1620 1115 1850 1152 humanitate
1880 1120 2062 1164 tempera-

284 1186 359 1218 tum
383 1182 637 1231 perdidimus-3
673 1195 765 1219 num.
785 1181 904 1220 autem
932 1182 1016 1220 inde
1040 1183 1223 1233 sequitur,
1252 1188 1293 1220 ut
1314 1188 1463 1233 propter
1488 1195 1601 1219 uuum
1624 1181 1866 1230 vocabulum,
1895 1180 1997 1232 quod
2022 1182 2062 1218 iu

267 1260 357 1284 »nno
384 1246 523 1295 codice,
552 1249 611 1284 cui
638 1247 704 1285 has
730 1249 898 1300 epistolas
926 1248 1113 1298 debemus,
1145 1249 1253 1287 facile
1281 1242 1446 1286 excidere
1473 1254 1625 1299 poterat,
1660 1254 1736 1286 tota
1763 1248 1917 1299 epistola
1943 1253 2059 1286 totm-

279 1328 351 1365 que
375 1314 467 1352 adeo
495 1315 726 1365 epistolarum
750 1315 842 1353 liber
867 1317 905 1352 in
932 1317 1078 1353 exilium
1102 1316 1291 1366 pellendus
1316 1317 1387 1353 sit?
1441 1316 1663 1366 Quanquam
1688 1329 1735 1353 ne
1761 1316 1800 1352 id
1821 1315 1971 1366 quidem
1995 1328 2058 1353 ne-

280 1381 475 1417 cessarium
502 1388 577 1428 est,
604 1388 645 1418 ut
669 1381 869 1432 quidquam
889 1382 935 1419 de
959 1382 1166 1433 conjectura
1191 1383 1391 1433 inseratur,
1424 1382 1532 1420 modo
1556 1382 1772 1433 firmitatem
1798 1395 1844 1419 ae
1873 1382 2058 1433 mynias-

279 1447 404 1483 dinem
436 1459 510 1483 non
543 1446 590 1483 ad
626 1446 851 1499 subjectum,
891 1448 990 1499 quod
1019 1450 1057 1485 iu
1084 1450 1161 1499 ipsa
1188 1448 1376 1486 Ciceronis
1410 1460 1561 1499 persona
1594 1449 1774 1495 cernitur,
1812 1447 1877 1484 sed
1911 1447 1959 1483 ad
1991 1447 2057 1484 ob-

271 1513 436 1564 jectum,
477 1513 549 1551 hoc
581 1521 637 1552 est
669 1514 716 1551 ad
744 1512 932 1565 judiciam
968 1516 1219 1563 retulerimus,
1263 1516 1362 1566 quod
1401 1522 1441 1553 ut
1472 1516 1620 1567 firnwm
1651 1516 1701 1553 ita
1716 1504 1843 1552 -ei'ia'm
1882 1527 2057 1566 magnam

280 1580 351 1617 dici
375 1594 481 1631 posse
506 1581 641 1632 insigni
663 1580 852 1618 Ciceronis
877 1583 1083 1620 testimonio
1110 1581 1215 1620 Orat.
1246 1595 1281 1619 c.
1301 1581 1358 1619 25
1387 1580 1581 1633 probatur:
1618 1582 1745 1632 maqni
1768 1581 1883 1632 iqitur
1893 1581 2052 1632 judieii,

278 1661 441 1687 summae
475 1649 586 1685 etiam
614 1648 808 1700 facultatis
845 1661 922 1686 esse
957 1650 1103 1687 debebit
1132 1649 1344 1686 moderator
1376 1648 1444 1685 ille
1476 1654 1512 1684 et
1545 1649 1655 1699 quasi
1686 1654 1909 1698 temperator
1944 1647 2056 1698 hujus

280 1713 490 1765 tripartitae
521 1716 736 1769 varietatis,
776 1715 874 1765 quod
907 1716 939 1752 si
969 1716 1115 1766 optimis
1144 1714 1319 1764 exemplis
1351 1727 1562 1763 summaque
1598 1713 1775 1764 elegantia
1804 1713 1879 1751 dici
1911 1720 2056 1764 poterat

274 1782 477 1832 judicium,
516 1782 618 1833 quod
648 1787 723 1818 tam
750 1782 899 1832 fimum
926 1794 1166 1833 maynumque
1201 1781 1339 1818 direxit
1373 1781 1412 1816 in
1442 1781 1670 1817 exturbando
1701 1779 1897 1828 Antonio,
1935 1794 2054 1832 neque

392 1913 519 1964 Atque
555 1913 647 1949 haec
683 1914 866 1950 sufficiant
899 1914 946 1950 ad
985 1927 1063 1950 eam
1102 1914 1295 1963 epistolam
1325 1912 1573 1963 purgandam,
1619 1915 1656 1949 iu
1697 1927 1770 1963 qua
1803 1913 2053 1963 impugnanda

275 1982 382 2032 louge
407 1982 618 2018 acerrimum
643 1980 850 2018 Markland}
878 1981 1038 2018 studium
1063 1981 1220 2029 exstitit3
1257 1980 1302 2017 de
1330 1981 1482 2027 ceteris,
1516 1994 1669 2030 quarum
1703 1981 1766 2018 vix
1792 1980 1949 2032 singulis
1975 1981 2052 2019 siu-

273 2047 358 2098 gula
392 2047 451 2085 vel
489 2045 575 2084 bina
607 2046 736 2084 menda
775 2046 931 2098 objecit,
972 2060 1017 2085 eo
1050 2046 1193 2084 facilius
1227 2047 1409 2097 negotium
1444 2047 1533 2093 erit,
1577 2047 1661 2097 quia
1693 2047 1731 2084 in
1759 2046 1945 2085 nonnullis
1973 2049 2052 2098 ipse

272 2112 513 2152 Marklandus
540 2126 640 2149 arma
674 2112 779 2149 nobis
804 2112 981 2163 praebuit.
1038 2113 1085 2149 Iu
1113 2114 1310 2163 septima
1341 2112 1516 2149 decima
1544 2119 1640 2150 certe
1667 2115 1895 2164 asperitatem
1924 2114 2049 2162 Bruti,

272 2181 336 2230 qui
356 2178 483 2217 Attico
503 2181 696 2230 segnitiam
716 2180 925 2230 exprobret,
954 2181 1031 2229 ipse
1056 2179 1295 2217 Marklandus
1327 2192 1368 2216 ea
1398 2179 1613 2217 confirmare
1640 2187 1776 2227 monet,
1805 2193 1899 2230 quae
1917 2180 2054 2221 Cicero

273 2247 318 2284 de
345 2246 471 2284 eodem
503 2253 674 2297 queratur
702 2244 748 2282 ad
780 2244 863 2282 Au.
891 2245 961 2283 Vl.
990 2243 1041 2292 5,
1079 2244 1193 2295 plane
1223 2259 1357 2295 param
1396 2246 1560 2296 coqitare
1601 2247 1693 2298 qaid
1726 2246 1865 2283 scribat
1900 2252 1966 2283 aut
2000 2248 2054 2284 ad

272 2326 379 2365 quem
399 2313 481 2363 ⁶3);
517 2326 585 2350 nec
617 2314 649 2349 si
679 2313 732 2359 is,
776 2318 818 2349 ut
850 2311 982 2349 ibidem
1011 2310 1188 2361 legimus,
1215 2310 1353 2349 *nullas
1387 2324 1548 2362 unquam
1583 2313 1637 2349 ad
1670 2312 1887 2351 Ciceronem
1921 2312 2052 2351 literas

329 2437 377 2471 62)
398 2437 507 2463 Plinius
525 2440 617 2462 tanen
635 2436 740 2469 paneg.
761 2443 786 2460 c.
805 2434 837 2460 61
851 2446 858 2459 ι
878 2435 1028 2470 [Felicitatis
1048 2439 1090 2460 est
1106 2418 1247 2470 quantam
1265 2433 1336 2459 velis
1353 2442 1446 2469 posse,
1467 2434 1673 2470 magnitudinis
1691 2435 1763 2461 velte
1784 2440 1924 2471 quantu-
1940 2438 2045 2472 punit.

328 2487 376 2522 03)
396 2488 532 2514 Remarlc·
551 2497 580 2523 p.
603 2487 652 2514 52:
680 2486 712 2523 if
723 2486 832 2513 Brutus
849 2491 935 2513 wrote
954 2486 985 2512 in
1005 2485 1060 2512 thir
1077 2494 1209 2515 manner,
1236 2485 1260 2511 it
1278 2484 1372 2512 shows
1391 2484 1437 2510 tlte
1461 2485 1539 2511 tratls
1559 2485 1598 2522 of
1609 2485 1688 2512 nol-«1
1710 2485 1810 2514 Cicero
1830 2496 1898 2524 says
1917 2497 2048 2516 cuneoru-

271 2542 320 2575 inq
345 2540 419 2570 hin-3
451 2548 502 2565 cur
519 2539 608 2574 igitur
627 2539 721 2575 addit:
751 2538 799 2573 for
825 2538 888 2564 ltere
914 2539 944 2563 in
971 2547 989 2563 a
1015 2537 1142 2572 friendly
1169 2537 1249 2562 letter
1270 2541 1296 2562 ω
1317 2537 1432 2562 Atticus
1453 2537 1576 2563 without
1594 2547 1651 2572 any
1671 2539 1858 2573 provocationi
1884 2557 1890 2564 .
1912 2559 1918 2564 .
1943 2558 1949 2564 .
1974 2540 2007 2566 lu·
2026 2541 2050 2565 is
