2308 2908
1186 155 1263 202 42

334 278 381 316 ab
405 278 483 330 ejus
510 274 749 314 sectatoribus
772 272 886 325 probe
909 272 1113 324 distinguit,
1143 285 1218 323 quo
1241 273 1408 324 exemplo
1431 274 1462 310 si
1483 286 1582 311 nnnc
1604 273 1738 312 Cicero
1760 274 1921 313 scribere
1938 277 2128 324 soluisset,

334 347 382 383 ita
409 345 527 395 potius
556 340 750 379 dicendum
774 346 872 377 erat:
914 340 1031 378 hostis
1058 345 1181 377 autem
1208 340 1270 377 M.
1298 340 1489 378 Antonius
1504 341 1704 391 judicatus
1730 348 1767 380 et
1794 342 1861 394 qui
1885 342 1965 393 ejus
1991 349 2129 380 sectam

333 412 450 450 secuti
470 416 578 456 sunt,
610 409 667 446 sin
692 408 737 446 de
762 408 852 446 solis
876 407 1118 446 sectatoribus
1145 407 1384 457 loquebatur,
1416 409 1577 458 genitivo
1602 415 1744 446 tantum
1771 422 1865 460 opus
1892 404 1992 457 erat,
2027 415 2068 446 ut
2092 410 2131 446 in

332 477 516 529 Scipionis
535 475 703 527 exemplo
722 474 821 527 apud
842 475 998 514 eundem
1017 475 1165 512 Livium
1186 474 1347 513 xxix.
1369 473 1442 524 27,
1468 489 1577 528 quem
1599 475 1699 528 quod
1719 475 1961 516 Marklandus
1981 481 2131 528 propter

333 546 544 585 modestiam
568 545 707 582 dixisse
725 543 862 595 jactat:
900 545 966 595 qui
984 543 1121 594 populi
1142 542 1314 581 Romani
1337 557 1527 596 meamque
1552 551 1691 583 sectam
1712 545 1930 598 sequuntur,
1956 559 2044 597 pro:
2075 559 2132 583 me

332 625 523 665 meamque
549 617 703 659 sectam,
732 624 843 662 quam
868 624 1077 662 perversum
1105 612 1153 649 sit
1180 611 1361 649 neminem
1389 611 1508 663 sugit,
1539 625 1608 650 nec
1634 613 1665 650 si
1693 611 1883 652 Ciceronis
1906 627 2014 652 usum
2041 612 2132 652 adeo

333 682 520 732 cognitum
542 678 718 727 habebat,
748 685 789 717 ut
812 693 852 717 se
877 679 991 717 videri
1018 679 1112 726 vult,
1143 680 1313 730 ignorare
1341 685 1483 730 poterat
1505 693 1572 730 pro
1595 680 1717 718 Sestio
1745 693 1780 718 c.
1806 679 1887 718 45:
1919 687 2005 719 sunl
2026 682 2131 731 prin-

335 749 435 799 cipes
463 746 616 785 consilii
639 746 798 797 publici,
828 752 912 784 sunt
937 747 1004 798 qui
1029 759 1157 783 eorum
1183 752 1321 784 sectam
1344 752 1559 799 sequuntur.
1616 747 1692 786 Vix
1713 753 1834 787 tamen
1859 749 1979 788 minor
2002 748 2132 787 levitas

333 821 391 853 est
425 815 504 865 ejus
539 813 851 864 reprehensionis,
894 827 966 863 qua
994 814 1031 849 in
1066 815 1233 863 quintu
1270 813 1422 863 epistola
1457 813 1548 864 legis
1581 814 1707 852 «Iuliae
1739 815 1852 852 verba
1878 817 1998 853 minus
2024 816 2132 866 plena

334 895 417 920 esse
446 882 657 919 criminatur
675 878 751 932 92),
781 878 845 917 ubi
870 880 902 917 si
929 881 1173 931 perscriptum
1201 881 1430 931 legeremus,
1461 880 1561 931 quod
1582 880 1825 919 Marklandus
1852 882 2036 933 postulat:
2067 884 2135 934 qui

333 950 428 1000 petit
464 950 611 1000 cujusve
642 947 739 984 ratio
777 948 996 986 absentis
1030 948 1250 995 habebitur,
1293 953 1370 985 tum
1405 947 1572 999 profecto
1606 949 1841 1000 castigatione
1874 948 2008 1000 dig-nus
2035 955 2133 987 esset

335 1018 512 1066 scriptor,
543 1017 606 1065 qui
634 1027 781 1052 necesse
807 1013 998 1052 habuisset
1023 1015 1123 1052 velut
1146 1014 1355 1065 explicandi
1382 1027 1493 1052 causa
1521 1015 1619 1066 quod
1648 1028 1714 1066 per
1740 1028 1779 1053 se
1808 1021 1905 1067 patet
1932 1015 2128 1069 subjungi:

336 1090 462 1135 aperte
491 1084 633 1121 indicat
659 1097 768 1134 posse
795 1084 978 1121 rationem
1006 1084 1139 1120 haberi
1163 1083 1275 1120 etiam
1301 1096 1378 1119 non
1402 1085 1634 1132 praesentis3
1670 1097 1790 1134 neque
1819 1085 2019 1121 acutiorem
2047 1098 2132 1121 cen-

337 1164 456 1188 sorem
479 1149 786 1201 deprehendimus
810 1150 848 1186 in
867 1148 1177 1198 antecedentibus,
1208 1148 1271 1187 ubi
1296 1148 1407 1187 verba
1432 1148 1645 1188 Ciceronis:
1675 1151 1728 1188 ad
1745 1151 1860 1202 fidem
1886 1156 1923 1188 et
1943 1151 1995 1188 ad
2011 1151 2133 1203 ‹liqui—

338 1224 449 1254 tatem
477 1223 578 1254 tuam
601 1219 804 1266 pertinere,
832 1219 883 1254 ita
910 1218 1114 1267 impugnat,
1143 1222 1184 1253 ut
1207 1216 1443 1253 scribendum
1471 1217 1586 1253 fuisse
1611 1217 1729 1254 dicat:
1762 1219 1815 1254 ad
1839 1231 1917 1254 rem
1940 1218 2133 1268 publicam

336 1283 522 1335 fidemque
546 1289 660 1320 tinam.
718 1282 872 1321 Scilicet
897 1289 1045 1321 senatus
1074 1283 1321 1321 consultorum
1347 1282 1438 1321 haec
1465 1283 1620 1321 formula
1645 1290 1722 1331 est,
1758 1297 1831 1334 qua
1856 1285 2133 1335 magistratuum

340 1353 646 1402 imperatorumve
673 1349 824 1387 arbitrio
848 1351 1080 1401 permittitur,
1110 1356 1151 1387 ut
1172 1350 1311 1388 faciant
1333 1351 1435 1403 quod
1453 1363 1473 1388 e
1491 1363 1532 1388 re
1547 1350 1701 1400 publica
1721 1350 1870 1404 fideque
1892 1366 1961 1390 sua
1978 1353 2132 1400 diccunt,

340 1418 541 1469 eodemque
574 1417 740 1468 exemplo
777 1417 869 1455 illud
896 1418 1082 1456 decretum
1118 1419 1232 1455 fuisse
1259 1417 1454 1455 verisimile
1486 1423 1563 1464 est,
1604 1431 1678 1468 quo
1705 1418 1837 1456 Cicero
1863 1426 2029 1456 senatum
2062 1427 2136 1458 sta-

339 1486 456 1523 tuisse
484 1483 635 1532 scribit,
671 1489 713 1521 ut
738 1484 858 1522 Bmti
881 1491 973 1523 esset
997 1485 1205 1536 judicium,
1244 1485 1337 1536 quid
1367 1484 1527 1521 maxime
1553 1485 1758 1523 conducere
1784 1487 1843 1523 rei
1864 1486 2040 1536 publicae
2064 1487 2140 1524 sibi

341 1555 553 1604 videretur,-
597 1552 636 1589 id
664 1565 752 1590 vero
778 1553 898 1602 ipsum
927 1559 1119 1602 postquam
1146 1552 1316 1601 scripsit,
1350 1550 1429 1601 jam
1456 1564 1495 1587 sc
1522 1551 1669 1601 quidem
1701 1552 1755 1588 sic
1788 1554 1924 1590 sentire
1951 1553 2074 1601 addit,
2104 1555 2139 1590 si

341 1633 490 1657 manum
518 1619 670 1665 habeat,
699 1619 736 1655 si
759 1624 897 1666 castra,
926 1620 962 1656 si
987 1619 1054 1656 ubi
1079 1619 1256 1656 consistat
1279 1617 1424 1668 uspiam
1445 1616 1666 1665 Dolabella,
1696 1631 1770 1656 non
1791 1619 1908 1657 solum
1933 1620 1985 1657 ad
2004 1620 2134 1672 fidenti,

341 1701 414 1738 qua
449 1686 557 1725 simul
593 1687 646 1724 rei
680 1685 849 1737 publicae
886 1699 975 1724 cura
1012 1684 1332 1738 comprehenditur
1350 1684 1431 1737 93),
1473 1684 1538 1723 sed
1565 1686 1673 1723 etiam
1701 1687 1753 1723 ml
1778 1687 1993 1738 diqnitatem
2020 1688 2138 1726 Bruti

400 1845 448 1879 92)
469 1846 606 1872 Reman-ks
626 1855 658 1882 p.
675 1846 710 1872 6‘.)
731 1855 795 1882 sqq.
838 1846 943 1872 Verum
965 1847 1007 1870 est
1026 1843 1194 1880 pierumque
1215 1843 1281 1870 addi
1303 1843 1444 1874 absentis,
1475 1846 1507 1869 ut
1533 1844 1569 1870 ad
1589 1842 1690 1869 Famit.
1711 1843 1762 1870 vl.
1785 1843 1813 1876 6,
1839 1844 1875 1871 ad
1894 1845 1952 1872 Att.
1974 1845 2041 1872 VH.
2065 1845 2076 1872 1
2107 1850 2137 1872 et

344 1897 425 1923 vul.
448 1896 477 1928 3,
507 1897 633 1933 Philipp.
658 1898 697 1924 11.
720 1898 768 1929 10,
799 1901 828 1924 et
848 1897 1004 1923 identidem
1024 1897 1101 1931 apud
1121 1896 1270 1922 Caesarem
1291 1896 1326 1921 de
1346 1895 1424 1921 bello
1445 1896 1542 1926 civili;
1574 1900 1603 1922 at
1626 1897 1816 1922 neces-arium
1843 1905 1901 1922 non
1926 1905 1988 1922 esse
2008 1898 2134 1923 ostendit

344 1948 470 1985 Philipp.
494 1949 529 1975 V.
553 1948 603 1975 ¹7:
633 1949 668 1976 ob
697 1958 745 1975 eas
773 1957 875 1975 causas
898 1948 1013 1974 senatui
1035 1947 1149 1983 plaeere
1179 1946 1213 1973 C.
1239 1945 1391 1972 Caesarem
1418 1965 1424 1972 .
1449 1965 1455 1972 .
1479 1966 1486 1972 .
1509 1951 1662 1973 senatorem
1682 1957 1738 1974 cese
1759 1966 1765 1973 .
1790 1966 1796 1974 .
1820 1966 1828 1974 .
1849 1946 1966 1985 ejusque
1985 1949 2133 1980 rationem,

345 2010 538 2037 quemcunque
557 2002 756 2037 magistratum
774 2005 868 2037 petet,
899 2001 941 2026 ita
963 1999 1078 2029 haberi,
1104 2003 1192 2034 prout
1212 1998 1313 2024 haberi
1337 1999 1398 2034 leqe
1419 1999 1532 2028 liceret,
1560 2000 1587 2024 si
1605 2008 1680 2025 anno
1698 2000 1843 2034 superiore
1863 2004 1995 2034 quaestor
2012 2000 2133 2035 suisset,-

347 2059 397 2076 ncc
420 2051 445 2075 si
465 2051 528 2085 ejus
549 2033 675 2085 qmsqss,
701 2051 751 2086 qui
771 2058 906 2085 praesens
926 2053 1047 2085 peteret,
1073 2049 1147 2074 ratio
1168 2048 1337 2078 habebatur,
1358 2048 1422 2074 idco
1444 2048 1589 2075 Ciceronis
1608 2050 1815 2084 argumentatio
1835 2049 1979 2081 concidet,
1999 2058 2083 2086 quem
2103 2050 2133 2075 in

344 2101 468 2137 proclivi
489 2105 533 2128 est
553 2111 586 2127 ex
605 2102 749 2137 particula
768 2111 801 2128 ve
820 2102 850 2128 id
870 2102 964 2138 ipsum
985 2101 1141 2136 colligere,
1172 2101 1255 2128 etium
1276 2100 1396 2127 aliorum
1417 2104 1530 2137 praeter
1554 2109 1620 2132 εοε,
1650 2102 1699 2137 qui
1724 2111 1818 2128 coram
1844 2105 1962 2137 petunt,
1994 2103 2134 2128 rationem

343 2154 443 2179 haberi
464 2163 497 2178 ex
515 2154 580 2187 lege
599 2153 679 2178 Julin
698 2153 796 2178 licere.

401 2203 453 2239 93)
474 2205 566 2241 Negat
585 2203 700 2240 quidem
720 2203 774 2230 hoc
794 2203 888 2240 ipsum
909 2202 1092 2231 Mnrklandus
1112 2212 1142 2240 p.
1165 2201 1215 2229 76:
1245 2202 1295 2230 but
1315 2202 1371 2230 this
1390 2204 1503 2235 writer,
1523 2213 1589 2231 even
1608 2203 1701 2232 where
1721 2204 1755 2231 hc
1775 2204 1867 2242 ouyht
1887 2210 1914 2232 ιο
1934 2215 2005 2243 urqe
2024 2204 2069 2231 Ιιίε
2088 2214 2133 2231 ar-

343 2263 460 2295 yument
477 2258 553 2293 from
576 2257 622 2283 tlte
641 2256 761 2282 words
780 2256 820 2291 of
832 2256 878 2282 the
899 2256 993 2282 dect-ee
1014 2256 1052 2291 os
1064 2256 1109 2282 tlte
1128 2260 1224 2285 senate
1243 2255 1307 2288 (hoc
1328 2256 1430 2281 salsum
1452 2257 1524 2289 cst),
1551 2256 1636 2293 draps
1657 2257 1704 2283 tlte
1724 2257 1807 2293 thies
1818 2257 1918 2294 thiuq,
1941 2257 1987 2282 tlu-
2003 2256 2134 2293 public

341 2308 455 2347 yood,
477 2308 537 2335 and
558 2307 680 2345 confines
702 2308 748 2335 the
767 2318 868 2335 reason
888 2308 927 2345 of
939 2308 984 2335 liis
1003 2309 1119 2344 opinion
1140 2318 1172 2334 or
1191 2307 1291 2334 advice
1316 2313 1342 2335 to
1368 2308 1414 2335 the
1438 2308 1538 2346 fides
1563 2309 1623 2335 ancl
1648 2309 1736 2347 diqu
1746 2310 1819 2336 ilas
1845 2309 1883 2345 of
1902 2309 2030 2340 Brutus,
2058 2319 2090 2335 as
2110 2309 2142 2345 if

344 2362 390 2388 tlte
410 2361 491 2387 other
511 2365 598 2396 part,
626 2362 674 2387 the
693 2371 756 2396 rep
766 2360 888 2391 ublic,
916 2370 987 2386 were
1007 2365 1057 2385 not
1075 2364 1107 2385 at
1126 2360 1169 2385 all
1190 2360 1343 2385 cotieerned
1361 2361 1391 2385 in
1411 2361 1457 2386 the
1477 2366 1594 2391 tatanem·
1627 2365 1656 2386 at
1675 2362 1698 2386 si
1718 2360 1808 2396 fides,
1830 2364 1861 2386 ut
1879 2361 1942 2395 ipse
1961 2360 2048 2395 paulo
2068 2364 2134 2385 ante

344 2414 479 2449 explicat,
505 2413 534 2438 in
557 2422 589 2439 co
610 2411 794 2442 cernebatur,
821 2414 854 2437 ut
878 2411 924 2437 the
941 2420 1054 2447 person,
1078 2416 1104 2436 to
1126 2411 1217 2441 whom
1238 2410 1284 2436 the
1304 2411 1478 2438 eonrtnnission
1498 2421 1558 2438 wau·
1576 2413 1672 2448 given,
1692 2421 1753 2438 was
1772 2411 1875 2446 here-by
1896 2410 2021 2437 directed
2040 2415 2067 2437 to
2088 2417 2135 2438 aet

343 2466 414 2492 with
435 2465 481 2492 the
501 2465 613 2491 honour
634 2465 676 2499 (id
696 2464 813 2501 quidem
833 2473 890 2490 non
911 2464 985 2490 inest
1004 2463 1033 2489 in
1055 2462 1110 2489 fidc
1131 2463 1180 2489 scd
1199 2463 1229 2488 in
1249 2463 1400 2497 dignitate)
1428 2472 1460 2489 or
1482 2463 1561 2499 saith
1588 2464 1646 2491 and
1669 2464 1802 2499 fidelitgh
1830 2463 1923 2490 which
1943 2464 1968 2489 is
1987 2463 2042 2490 due
2059 2464 2134 2499 from

343 2527 360 2543 a
382 2518 480 2543 citizen
501 2522 527 2543 to
550 2517 594 2542 his
614 2521 791 2551 country,
812 2515 865 2542 hae
885 2515 948 2551 ipsa
968 2523 998 2541 re
1018 2514 1136 2549 publico
1157 2514 1304 2541 commodo
1325 2513 1485 2540 consultum
1506 2518 1575 2540 erat.
