2421 2972
1134 210 1206 256 81

284 322 420 361 scribat
446 328 593 374 propter
617 336 776 375 pugnam
801 323 1072 371 Mutinenssem,
1104 325 1144 360 in
1173 337 1246 374 qua
1274 323 1347 360 duo
1379 323 1546 361 consules
1571 324 1679 360 amici
1703 323 1819 373 ipsius
1846 323 2067 371 ceciderint3

284 388 439 440 denique
466 389 564 440 quod
585 391 691 440 peius
715 391 852 428 malum
878 391 1000 439 dicat,
1029 390 1129 442 quod
1153 391 1221 428 etsi
1246 391 1286 427 in
1309 390 1471 428 Senecae
1493 403 1639 440 quoque
1660 389 1795 428 Medea
1821 398 1962 439 exstet,
1992 391 2069 428 illic

284 462 403 494 tamen
426 462 637 507 corruptum
660 470 743 495 esse
768 456 883 495 videri
909 459 960 496 ait
978 457 1057 509 57)!
1122 454 1197 504 At,
1232 461 1273 492 ut
1294 454 1382 492 hinc
1408 454 1613 503 ordiamur,
1643 469 1689 494 ne
1715 459 1962 495 necessarium
1985 458 2068 508 qui-

283 522 365 561 dem
392 528 447 560 est
472 522 519 560 ad
545 524 721 562 Senecam
746 524 970 576 confugisse,
1000 525 1033 562 si
1059 523 1205 576 quidem
1229 522 1336 570 illud,
1372 521 1472 573 quod
1494 521 1733 559 Marklandus
1761 524 2010 575 reprehendit,
2046 538 2067 560 a

282 591 400 627 Bruto
429 604 474 628 ne
499 592 675 641 scriptum
702 592 847 641 quidem
874 598 951 641 est3
982 591 1088 642 cujus
1115 590 1226 629 verba
1252 589 1344 626 haec
1373 596 1479 626 sunt:
1520 603 1618 627 nunc
1650 589 1806 637 Cicero,
1833 605 1931 628 nncnc
1954 605 2066 642 nyen-

283 656 372 692 dum
399 662 472 703 est,
507 669 554 694 nc
585 657 727 707 frustra
760 670 973 707 oppressum
1005 669 1081 694 esse
1106 655 1312 694 Antonium
1345 655 1468 706 quvis-2⁰
1499 655 1634 701 simus,
1672 667 1743 692 neu
1776 669 1919 707 semper
1950 657 2069 706 primi

284 723 457 774 cujusque
483 723 576 759 mali
599 724 795 761 excidendi
818 737 930 761 causa
955 724 1026 771 sit,
1066 729 1108 760 ut
1140 723 1249 760 aliud
1272 728 1490 760 renascatur
1513 722 1644 772 pejus,
1680 720 1753 759 hoc
1779 729 1834 760 est
1860 736 1933 760 non
1959 724 2068 774 pejus

282 787 435 834 malum,
474 787 538 824 sed
568 789 685 839 ipsum
712 789 811 840 quod
837 788 1076 827 Marklandus
1100 790 1254 839 requirit
1279 790 1399 840 majus
1423 787 1577 833 malum,
1607 786 1667 823 vel
1692 788 1725 838 si
1756 788 1924 825 malueris
1949 791 2067 840 neaqis

283 855 435 900 malum,
465 855 563 903 quod
593 869 706 904 quum
729 857 767 892 in
794 857 874 905 ipso
900 857 1145 905 comparativo
1168 855 1290 902 lateat,
1319 869 1393 892 non
1420 868 1512 904 opus
1539 861 1609 901 est,
1645 860 1687 890 nt
1711 853 1774 892 ille
1800 854 1900 902 fecit,
1931 870 1976 893 ex
2003 870 2065 893 su-

280 918 482 970 perioribus
509 921 654 971 repeti*
693 920 815 972 Major
840 921 950 959 totius
981 921 1177 958 sententiae
1204 919 1399 958 difficultas
1425 925 1499 967 est,
1541 932 1653 970 quam
1680 925 1802 958 tamen
1830 921 1910 970 ipse
1936 933 2067 959 censor

280 999 355 1023 non
381 992 453 1023 tam
479 987 729 1036 reprehendit,
759 1001 867 1038 quam
884 990 1029 1025 inserto
1054 987 1232 1025 vocabulo
1256 988 1403 1023 οηιίεείο
1429 995 1511 1036 post
1537 988 1737 1025 excidenda·
1755 1001 1887 1024 sanare
1910 995 2066 1025 conatus

194 1068 201 1075 ’
281 1059 359 1103 est,
402 1066 467 1091 nos
501 1066 587 1091 vero
621 1059 658 1091 et
688 1052 784 1091 hanc
821 1052 996 1091 medelam
1030 1066 1052 1089 a
1085 1053 1272 1105 scriptoris
1301 1054 1478 1091 sententia
1512 1052 1667 1090 alienam
1701 1059 1738 1091 et
1770 1059 1888 1091 totum
1923 1053 2062 1102 locum,

282 1119 390 1159 modo
415 1126 512 1158 recte
537 1119 780 1171 intelligatur,
817 1121 1100 1159 sincerissimum
1125 1133 1203 1158 esse
1229 1119 1461 1157 arbitramur.
1517 1119 1648 1171 Neque
1677 1121 1774 1158 enim
1803 1120 1896 1158 illud
1924 1121 2065 1159 Brutus

281 1187 467 1236 queritpr,
509 1186 607 1235 quod
641 1188 749 1235 primi
783 1186 957 1237 cujusque
988 1186 1074 1223 mali
1100 1188 1236 1223 excisio
1263 1186 1486 1237 negligatur,
1524 1176 1588 1222 sel]
1625 1186 1724 1236 quod
1756 1200 1892 1224 novum
1918 1200 2064 1236 semper

283 1251 475 1300 succedat,
504 1258 545 1290 ut
571 1252 726 1303 primum
752 1251 843 1289 illud
870 1251 950 1290 ideo
977 1240 1115 1290 tansum
1140 1252 1302 1289 excisum
1319 1246 1442 1289 'videri
1470 1252 1607 1302 possit,
1636 1257 1677 1290 ut
1701 1251 1802 1289 aliud
1826 1250 1930 1302 pejus
1956 1263 2063 1290 rena·

282 1325 466 1367 secretur3
495 1331 567 1368 qua
591 1320 630 1354 in
656 1320 832 1355 sententia
857 1319 1120 1369 elegantissime
1144 1319 1193 1354 ita
1219 1318 1393 1367 loquitur,
1423 1323 1463 1353 ut
1485 1319 1548 1367 qui
1573 1320 1718 1368 proprie
1745 1319 1896 1369 effectus
1920 1325 2061 1355 tantum

282 1379 383 1422 illius
410 1385 601 1423 excisionis
627 1386 698 1433 sit,
732 1398 797 1436 per
823 1384 990 1423 acerbam
1014 1385 1216 1437 irrisionem
1237 1384 1275 1421 in
1299 1382 1459 1434 ejusdem
1481 1397 1631 1421 causam
1656 1389 1919 1433 commutetur,
1954 1386 2062 1436 quasi

283 1452 323 1489 id
348 1454 468 1502 ipsum
494 1451 745 1489 excidentibus
763 1451 841 1501 jam
873 1452 1095 1502 propositum
1122 1438 1244 1488 suerit.
1300 1450 1365 1488 Sic
1392 1450 1584 1488 «Iuvenalis
1610 1452 1648 1487 in
1675 1439 1868 1489 celebratis
1894 1451 2061 1489 versibus

284 1518 365 1556 Sat.
391 1519 484 1557 vll.
513 1516 706 1554 27-29:
891 1511 905 1534 ‘

570 1586 702 1637 franqe
726 1586 836 1623 miser
864 1584 1025 1622 calamos
1051 1583 1276 1635 viqilataque
1300 1583 1446 1634 proelia
1479 1583 1582 1630 dele,

574 1652 640 1703 qui
660 1652 758 1704 facts
783 1652 825 1687 iri
845 1664 964 1701 parva
990 1650 1162 1687 sublimia
1187 1651 1351 1687 carmina
1378 1649 1502 1696 cella,

572 1723 613 1754 ut
638 1718 771 1773 diqngw
796 1719 921 1755 venias
948 1717 1093 1755 laederis
1119 1723 1156 1754 et
1179 1717 1338 1767 imaqine
1365 1729 1511 1763 macra,

284 1770 433 1835 pron-suls
457 1789 498 1820 ut
524 1796 611 1820 nos:
651 1797 714 1820 um
742 1783 876 1820 zuletzt
909 1783 1029 1821 nichts
1063 1783 1120 1820 als
1152 1782 1265 1819 einen!
1280 1781 1528 1831 Epheulcranz
1556 1783 1636 1819 und
1658 1782 1751 1820 eine'
1766 1796 1914 1835 maqere
1941 1784 2061 1822 Baete

285 1853 581 1901 davonzulraqen
591 1876 606 1898 ,
642 1863 716 1887 nou
748 1863 821 1900 quo
847 1850 885 1887 id
912 1850 1056 1900 proprie
1083 1848 1273 1886 scribentis
1301 1848 1492 1885 consilium
1518 1847 1651 1896 fuerit,
1687 1848 1752 1887 sed
1779 1851 1866 1900 quia
1893 1857 1966 1887 tam
1996 1864 2060 1889 ne-

285 1918 441 1956 cessario
467 1916 551 1953 inde
579 1918 762 1967 sequitur,
777 1900 843 1954 ¹'ut
877 1915 978 1953 velut
1008 1914 1054 1953 ab
1081 1916 1182 1952 initio
1218 1914 1272 1951 illi
1304 1915 1529 1965 propositum
1563 1914 1675 1952 fuisse
1711 1915 1900 1966 videatur3
1943 1930 2062 1968 neque

285 1984 387 2022 aliter
419 1982 708 2033 interpretandus
741 1995 819 2019 esse
852 1981 992 2019 videtur
1026 1982 1274 2019 vexatissimus
1308 1980 1414 2018 locus
1451 1980 1495 2018 de
1529 1980 1638 2019 Aelio
1671 1981 1810 2033 Ligure
1841 1982 1940 2033 apud
1974 1982 2058 2021 Cic.

284 2064 352 2102 pro
379 2050 501 2088 Sestio
526 2062 561 2086 c.
586 2048 665 2086 52:
696 2049 762 2101 qui
786 2062 984 2100 coqnemen
1005 2049 1080 2085 sibi
1102 2062 1148 2086 ex
1173 2046 1371 2085 Aeliorum
1399 2048 1618 2098 imaqt'nibus
1645 2049 1817 2098 arripuit,
1848 2062 1920 2100 quo
1944 2051 2063 2101 maqs's

287 2117 450 2155 ηαίίοηίε
473 2115 575 2152 illius
602 2128 712 2167 quam
732 2116 876 2166 qeneris
898 2127 975 2151 esse
997 2115 1197 2161 videretur,
1225 2113 1297 2151 hoc
1324 2119 1400 2150 est:
1431 2127 1504 2164 quo
1528 2120 1649 2152 tamen
1676 2113 1769 2151 nihil
1792 2114 1947 2164 amplius
1975 2116 2061 2152 effe·

286 2186 357 2231 cit,
392 2196 500 2234 quam
527 2189 569 2219 ut
593 2182 656 2232 qui
681 2181 719 2217 id
746 2194 946 2232 cognomen
974 2181 1161 2227 audirent,
1202 2181 1345 2217 natione
1371 2180 1568 2231 Ligurem,
1606 2194 1680 2218 non
1707 2179 1898 2218 Aeliorum
1924 2193 2062 2232 cogna-

286 2257 363 2289 tum
390 2250 646 2288 existimarent.
710 2247 768 2286 De
795 2248 935 2286 civibus
959 2252 1079 2286 autem
1106 2259 1204 2285 mera
1234 2246 1413 2285 calumnia
1446 2252 1503 2284 est
1511 2260 1524 2297 3
1560 2259 1655 2298 quos
1685 2247 1717 2284 si
1745 2245 1876 2286 Cicero
1902 2247 1952 2284 ita
1981 2253 2061 2285 tan·

286 2325 365 2358 tum
394 2319 490 2356 cives
513 2316 778 2368 appellaverat,
806 2305 853 2352 ut
872 2314 997 2354 eodem
1023 2328 1130 2353 versu
1155 2314 1280 2352 nullos
1301 2328 1461 2366 unquam
1490 2315 1610 2353 hostes
1636 2316 1823 2366 diqm'ores
1848 2314 1953 2351 omni
1975 2327 2062 2364 eup-

286 2387 402 2436 plicio
427 2386 542 2436 fuisse
567 2383 733 2429 adderet,
769 2384 978 2420 sententiam
1005 2382 1081 2432 ejus
1108 2383 1247 2419 Brutus
1272 2383 1406 2418 rectius
1432 2382 1576 2431 assequi
1601 2395 1673 2420 non
1700 2387 1860 2432 poterat,
1896 2394 2008 2431 quam
2032 2383 2063 2419 si

347 2542 393 2574 67)
417 2542 492 2567 lbid.
511 2552 539 2576 p.
562 2542 610 2567 191
632 2545 692 2584 'nun'
