2308 2908
297 328 379 372 post
406 321 510 358 claris
539 316 656 355 verbis
687 316 841 366 legitur,
881 311 1025 349 niallam
1051 324 1127 348 rem
1156 325 1179 348 a
1208 324 1247 348 se
1279 311 1489 347 desiderari
1521 311 1597 346 nisi
1626 311 1775 346 niodum
1806 312 1845 346 in
1878 313 2080 350 'nonoribus

296 384 520 424 tribuendis!
575 383 712 420 Verum
743 382 839 417 enim
873 392 959 416 vero
985 380 1132 416 omnino
1159 377 1197 414 id
1222 377 1431 415 Marklandi
1459 376 1644 414 fastidium
1667 384 1744 425 est,
1773 384 1814 415 ut
1840 391 2081 430 quaecunque

295 453 363 491 sibi
391 451 577 501 peregrino
604 447 741 486 bomini
768 453 893 498 totque
917 445 1143 484 saeculorum
1171 443 1361 482 intervallo
1388 457 1409 481 a
1436 442 1545 481 rebus
1575 444 1689 495 gestis
1720 450 1860 483 remoto
1888 457 1960 483 non
1993 443 2080 495 ipsis

293 519 404 555 literis
443 516 540 553 clara
573 520 609 551 et
643 519 740 551 certa
773 518 991 559 occurrant,
1034 512 1204 549 continuo
1238 524 1311 548 non
1345 517 1387 547 ut
1420 511 1652 559 interpretem
1687 510 1791 548 decet
1825 511 1983 549 obscura
2017 519 2081 548 aut

292 583 459 633 ambigua
486 581 550 619 sed
575 580 668 617 falsa
699 579 928 631 pronunciet,
959 590 1075 628 neque
1099 577 1137 613 in
1165 589 1207 614 eo
1232 582 1373 613 tantum
1401 575 1589 623 subsistat,
1618 577 1657 613 in
1684 589 1760 627 quo
1787 577 1848 615 alii
1869 577 1948 629 jam
1976 577 2081 615 valde

293 649 362 687 sibi
390 647 560 700 plaudere
586 646 718 695 solent,
748 652 788 683 ut
814 646 846 681 si
873 643 960 695 quid
986 644 1053 694 ipsi
1075 643 1195 680 minus
1218 642 1375 694 placeat,
1406 656 1473 693 pro
1498 649 1671 694 corrupto
1696 644 1888 681 emendare
1912 652 2079 692 conetur,

293 716 355 754 sed
383 717 502 753 statim
528 716 704 765 integram
736 712 919 764 epistolam
947 717 1009 747 aut
1034 711 1235 748 orationem
1267 711 1428 761 spuriam
1456 723 1535 748 esse
1555 710 1700 761 judicet
1709 725 1721 759 3
1765 725 1840 762 quo
1873 711 1918 749 de
1949 725 2082 763 genere

291 782 403 819 multo
431 783 557 819 sanius
581 781 653 832 jam
680 780 863 818 Gesnerus
890 777 1110 815 existimavit
1132 791 1171 827 p.
1197 776 1308 814 257:
1346 777 1439 814 talia
1463 784 1618 827 possunt
1643 778 1801 815 obscura
1831 792 1908 816 esse
1933 793 2006 830 qua
2037 780 2083 816 de

290 864 330 887 re
361 855 495 901 aqatur
524 847 795 901 ignorantibus,
827 845 1027 882 scientibus
1053 845 1134 895 ipsa
1161 844 1317 882 ntolesta
1346 845 1463 881 nimia
1490 845 1717 895 explicatio,-
1755 859 1873 897 neque
1897 846 1989 884 adeo
2012 846 2079 884 du·

290 917 367 953 bito
402 918 490 967 quin
525 922 565 952 ut
601 914 708 950 multa
745 913 835 959 alia,
877 925 972 962 quae
1004 913 1140 949 rectius
1175 911 1369 948 scribenda
1405 912 1519 949 fuisse
1551 912 1795 950 Marklandus
1830 915 1993 960 censuit,
2032 916 2080 950 ita

291 984 380 1021 haec
409 996 572 1033 quoque,
613 994 705 1031 quae
733 992 831 1017 nunc
859 978 1061 1026 desiderat,
1104 979 1137 1016 si
1171 992 1298 1017 revera
1331 977 1452 1016 addita
1487 986 1630 1028 essent,
1675 979 1810 1031 cupido
1837 979 1975 1018 homini
2007 993 2081 1018 non

290 1051 460 1088 minorem
488 1048 632 1099 putidae
664 1047 803 1084 scilicet
831 1045 1039 1097 diligentiae
1069 1046 1358 1083 criminationem
1384 1045 1513 1083 datura
1536 1047 1703 1085 fuissent.
1761 1047 1827 1085 Sic
1850 1048 1888 1083 in
1920 1048 2082 1085 oratione

288 1123 368 1166 post
393 1116 543 1153 reditum
563 1116 601 1151 in
619 1114 758 1152 Senatu
785 1127 819 1151 c.
847 1113 876 1150 4
903 1113 1152 1164 reprehendit,
1179 1113 1279 1164 quod
1304 1127 1350 1151 ne
1374 1115 1533 1163 pedibus
1562 1116 1632 1152 iret
1659 1114 1796 1152 dictum
1824 1121 1920 1152 esset
1947 1116 2082 1152 omisso

287 1184 325 1219 in
352 1182 578 1229 sententiam,
612 1179 676 1218 ubi
703 1179 809 1219 docte
836 1181 978 1219 monuit
1002 1179 1190 1219 Savelsius
1215 1179 1288 1218 hoc
1313 1179 1598 1218 additamentum
1626 1194 1806 1232 nusquam
1836 1180 1909 1232 legi
1936 1181 2008 1217 nisi
2035 1180 2082 1217 ad

287 1250 372 1286 certi
409 1248 564 1285 hominis
604 1249 818 1285 sententiam
860 1247 1077 1296 referretur5
1118 1261 1187 1285 nec
1226 1249 1423 1285 cautiorem
1462 1261 1502 1285 se
1536 1247 1700 1285 exhibuit
1734 1249 1773 1284 in
1810 1247 1962 1298 epistola
1996 1247 2081 1284 libri

286 1317 389 1366 primi
417 1316 634 1365 septima,
672 1314 734 1352 ubi
761 1316 1033 1366 ignarissimum
1061 1315 1188 1352 Latini
1221 1316 1397 1353 sermonis
1425 1316 1638 1365 scriptorem
1664 1315 1777 1353 fuisse
1803 1315 1982 1362 affirmat,
2017 1316 2081 1366 qui

287 1384 373 1418 satis
397 1381 560 1419 habuerit
583 1382 629 1419 dc
651 1382 699 1418 L.
731 1381 867 1419 Bibulo
891 1381 1034 1419 dicere:
1065 1382 1104 1418 in
1132 1382 1284 1418 Pansae
1315 1382 1437 1418 locum
1460 1388 1587 1431 petere
1614 1383 1827 1427 constituit,
1865 1395 1983 1431 neque
2007 1395 2081 1417 ma-

285 1450 470 1499 gistratum
498 1448 697 1496 addiderit,
740 1461 850 1499 quem
881 1448 913 1485 is
943 1449 1173 1498 potissimum
1208 1452 1331 1498 petere
1369 1448 1477 1485 vellet
1494 1448 1567 1499 4⁷).
1626 1448 1748 1495 Quem
1782 1448 1945 1497 petierit,
1983 1461 2081 1483 nunc

286 1528 355 1552 non
383 1517 612 1566 quaerimus,
653 1528 866 1566 quanquam
904 1515 1134 1561 nominatio,
1177 1527 1287 1564 quam
1316 1515 1478 1564 proxime
1502 1515 1642 1551 Brutus
1670 1528 1692 1550 a
1720 1513 1899 1551 Cicerone
1927 1513 2077 1564 flagitat,

285 1583 342 1618 vix
374 1581 529 1620 dubitari
563 1583 721 1633 patitur,
760 1583 850 1633 quin
884 1581 929 1619 de
961 1588 1143 1633 auguratu
1175 1594 1295 1619 sermo
1323 1582 1371 1618 sit
1387 1581 1466 1633 48);
1503 1580 1569 1618 sed
1598 1587 1638 1618 ut
1665 1580 1771 1619 nobis
1801 1594 1900 1618 nunc
1930 1581 2081 1632 legenti-

285 1650 352 1685 bus
383 1649 593 1699 ambiguum
622 1652 691 1696 sit,
728 1649 922 1695 Ciceroni,
958 1650 1022 1698 qui
1056 1655 1092 1686 et
1119 1649 1265 1686 Pansae
1295 1656 1331 1685 et
1359 1648 1486 1685 Bibuli
1516 1648 1766 1686 condicionem
1796 1650 1917 1695 novit,
1947 1648 2080 1686 obscu-

285 1730 362 1751 rum
393 1730 469 1753 esse
499 1730 572 1753 non
601 1722 765 1766 poterat3
795 1729 864 1753 nec
891 1717 922 1752 si
949 1715 1007 1752 vel
1033 1716 1149 1753 rarior
1177 1720 1274 1752 esset
1299 1714 1390 1752 haec
1417 1714 1570 1765 ellipsis,
1606 1728 1715 1766 quam
1744 1728 1869 1752 revera
1894 1721 1963 1762 est,
1998 1714 2080 1765 plus

285 1781 489 1818 offensionis
516 1780 652 1818 habere
681 1787 819 1832 posset,
855 1794 965 1831 quam
994 1782 1031 1817 in
1060 1780 1182 1817 multis
1209 1780 1290 1817 aliis
1318 1780 1453 1827 verbis,
1491 1794 1584 1831 quac
1608 1781 1761 1818 solemni
1786 1794 1857 1817 usu
1885 1783 1964 1818 sine
1996 1795 2078 1831 pro-

285 1849 383 1896 piore
408 1847 612 1885 definitione
641 1855 879 1898 usurpantur.
937 1847 1031 1898 Ejus
1063 1847 1162 1897 quod
1195 1855 1250 1884 est
1276 1854 1403 1897 petere
1432 1862 1543 1884 unum
1578 1847 1783 1898 exemplum
1819 1849 1920 1886 novit
1952 1848 2078 1886 Mark-

286 1912 412 1950 landus
443 1926 508 1963 pro
534 1913 656 1952 Sestio
686 1927 720 1951 c.
745 1913 826 1951 64:
866 1915 1014 1952 biennio
1046 1927 1125 1965 quo-
1144 1915 1227 1965 quis
1249 1915 1401 1964 petierit
1431 1920 1496 1951 aut
1523 1916 1706 1964 petiturus
1737 1916 1786 1951 sit
1796 1929 1810 1963 ,-
1843 1929 1916 1953 non
1941 1915 2079 1966 legerat

284 1981 392 2029 igitur
423 1980 468 2016 ad
498 1979 579 2017 Au.
610 1982 643 2017 Ι.
674 1980 719 2017 1:
773 1982 819 2018 de
850 1982 918 2028 iis,
958 1982 1024 2032 qui
1052 1994 1149 2017 ηιιηο
1180 1987 1334 2030 petunt,
1381 1980 1522 2018 Caesar
1557 1988 1676 2019 certus
1705 1987 1881 2031 putatur,
1922 1989 1985 2019 aut
2012 1996 2078 2032 pro

285 2046 439 2083 Murena
468 2059 501 2083 c.
531 2045 579 2083 8:
630 2047 724 2084 milei
760 2048 834 2098 ipsi
871 2049 1032 2095 accidit,
1071 2054 1111 2084 ut
1151 2061 1232 2084 cum
1269 2049 1412 2085 dntobus
1444 2048 1617 2098 patriciis
1642 2054 1825 2098 peterem,
1868 2055 1908 2085 ut
1940 2050 2077 2086 mittam

286 2112 437 2151 Sallust.
465 2113 642 2165 Jugurth.
674 2127 710 2151 c.
737 2112 813 2151 65:
856 2120 977 2152 tamen
1013 2115 1044 2151 is
1077 2115 1129 2152 ad
1162 2115 1204 2152 id
1237 2114 1401 2152 Iocorum
1440 2115 1526 2153 talis
1556 2116 1615 2152 vir
1643 2121 1768 2166 petere
1798 2128 1872 2153 non
1901 2116 2074 2162 audebat,

341 2286 386 2318 47)
406 2287 541 2311 liemarks
560 2296 588 2321 p.
608 2286 659 2311 «532
682 2287 746 2312 here
767 2287 905 2322 then-[bre
926 2297 978 2313 our
998 2289 1107 2314 Brutus
1127 2289 1266 2315 discovers
1284 2294 1368 2324 great
1387 2290 1540 2324 iynorance
1560 2290 1589 2314 ιἰι
1609 2288 1656 2314 the
1676 2289 1765 2314 Latin
1784 2293 1888 2324 touque
1908 2288 1967 2313 aud
1985 2290 2077 2314 writes

289 2337 317 2365 (Ι
335 2337 397 2362 wilt
415 2342 528 2363 venture
549 2342 575 2363 to
594 2338 695 2373 affirm)
717 2348 748 2365 as
771 2348 807 2364 nio
829 2340 939 2364 “retient
958 2339 1069 2365 Romam
1088 2340 1205 2366 Author
1225 2349 1287 2365 ever
1308 2339 1375 2369 did,
1394 2339 1477 2365 when
1498 2339 1533 2365 he
1553 2349 1620 2374 says
1640 2339 1703 2365 that
1722 2339 1847 2365 Bibulus
1866 2338 1978 2364 intends
1998 2343 2024 2365 to
2046 2340 2077 2364 ln·

288 2398 304 2411 a
328 2388 476 2414 candidate
495 2389 542 2423 for
560 2390 679 2415 Pansa's
698 2390 791 2425 place,
818 2390 941 2416 without
960 2400 1017 2425 any
1038 2393 1162 2418 mention
1184 2401 1215 2417 or
1234 2391 1307 2420 hint,
1331 2391 1409 2416 what
1428 2393 1452 2416 it
1471 2401 1530 2417 was
1553 2391 1617 2417 that
1637 2391 1671 2416 he
1689 2390 1822 2416 intended
1843 2396 1869 2415 to
1891 2391 1924 2416 be
1943 2401 1960 2415 a
1981 2391 2075 2417 candi-

289 2437 352 2463 date
370 2438 432 2473 sor!

349 2489 392 2519 ²25)
415 2490 558 2515 Praeclare
579 2490 631 2516 hoe
654 2491 715 2526 ipse
736 2489 922 2517 Markiana-lus
941 2492 1084 2518 intellexit
1104 2503 1133 2527 p.
1148 2493 1270 2524 M-ssss,
1293 2498 1323 2519 ut
1343 2495 1452 2520 mireris
1474 2495 1666 2520 Drumannum
1688 2495 1720 2519 T.
1738 2494 1776 2524 ll,
1798 2503 1826 2527 p.
1844 2493 1896 2519 105
1917 2494 1946 2518 in
1971 2494 2073 2520 Norisii

292 2539 428 2564 sententia
448 2539 572 2570 haerere,
594 2542 643 2576 qui
663 2542 698 2567 de
717 2541 887 2576 pontificatu
907 2542 1064 2567 somniavit.
