2308 2908
294 255 488 307 prohibito
515 263 729 303 roqaremas
759 249 932 294 alterum,
964 249 1031 298 qui
1052 259 1092 284 se
1120 247 1159 283 in
1187 248 1267 297 qius
1293 247 1416 284 locum
1442 248 1577 296 reponi
1597 252 1804 297 pateretur.
1860 248 2104 292 Marklnndus

297 329 407 375 negat
439 320 573 370 reponi
606 318 652 354 de
685 317 850 367 personis
886 314 960 351 dici
999 313 1231 364 postulatque
1263 313 1460 360 ειώεἰίωί,
1502 313 1646 364 suffici,
1686 313 1889 365 subroqaro'
1902 316 1984 371 52„
2011 319 2104 370 'ipse

297 396 416 428 tamen
443 385 576 424 Cicero
603 384 650 421 ad
676 383 761 422 Au.
792 382 891 421 ΧΠ.
919 380 948 419 6
973 382 1143 433 scripsit:
1184 379 1479 432 Aristophanem
1504 381 1716 431 reposueris
1742 394 1814 433 pro
1840 381 2011 434 Eupoli,
2038 399 2102 425 ue-

297 469 367 507 que
390 458 561 504 apparet,
599 449 689 502 quid
720 450 932 488 offensionis
957 449 1089 487 babeat
1112 456 1194 500 post
1217 449 1297 486 red.
1324 448 1372 486 ad
1394 447 1504 496 Quir.
1531 460 1567 485 c.
1594 446 1657 485 72·
1678 449 1726 486 -in
1755 461 1801 488 eo
1817 464 1890 506 ¹me
1914 450 2021 500 loeo,
2063 453 2103 490 in

294 534 364 574 qao
398 520 528 558 vestris
566 518 756 570 beneficiis
785 519 932 571 fueram
944 544 958 565 ,
999 518 1128 555 iisdem
1157 517 1358 563 centuriae,
1399 516 1532 568 quibus
1563 515 1845 572 collocaratr's9.
1867 519 2101 569 reposuistt‘e,

294 589 357 626 ubi
385 601 431 625 ne
458 587 565 625 locus
594 585 744 637 quidem
768 586 830 623 alii
856 585 969 623 verbo
996 586 1112 630 foret,
1155 590 1197 621 ut
1228 590 1367 621 taceam
1401 584 1439 619 in
1470 589 1548 621 toto
1574 582 1646 621 hoc
1679 583 1930 634 metaphorice
1956 585 2102 625 dicendi

293 670 425 709 genere
456 669 531 693 non
558 656 671 693 certis
699 654 875 706 subjectis
905 662 1002 691 certa
1031 652 1142 691 verba
1173 651 1395 699 adhaerere,
1436 650 1502 690 sed
1533 651 1656 689 omnia
1682 650 1730 689 ab
1760 652 1952 704 imaginis,
1990 668 2102 705 qnam

291 725 447 775 scriptor
472 729 669 775 sequatur,
710 722 966 761 convenientia
991 720 1172 772 pendere3
1213 718 1313 771 quod
1343 720 1375 757 si
1402 718 1513 758 homo
1538 725 1690 770 praeter
1717 733 1820 770 spem
1851 722 1891 758 in
1919 722 2102 762 altissimo

292 792 414 843 qradu
446 791 582 828 alienis
613 791 744 841 opibus
777 790 920 840 positus
950 788 1024 826 dici
1053 794 1173 839 potest
1208 786 1294 839 (pro
1321 787 1443 826 Sestio
1473 800 1508 825 e.
1534 785 1582 838 9)
1622 786 1724 824 nulla
1756 800 1868 826 eausa
1903 796 1982 837 est,
2026 804 2102 842 quo

293 861 414 897 minus
439 859 573 907 alium,
606 859 669 909 qui
700 857 786 895 huie
817 855 1014 904 succedat,
1052 857 1092 893 in
1122 855 1202 907 ejus
1234 855 1357 894 locum
1385 855 1521 906 reponi
1547 855 1728 893 dicamus.
1784 855 1847 894 Ex
1875 856 2004 896 eodem
2035 872 2100 911 ge·

291 939 378 965 nere
408 932 462 964 est
494 924 592 977 quod
629 924 806 976 obstrepit
841 923 985 962 verbis:
1031 924 1118 961 vide
1153 929 1292 976 quanto
1328 923 1547 976 diliqentius
1581 923 1749 962 homines
1765 957 1769 961 .
1787 929 1953 962 metuant
1974 938 2099 977 quam

293 994 548 1040 111eminem'at3
587 994 757 1030 nimirum
797 991 1023 1043 diligentiam
1060 993 1100 1029 in
1137 992 1183 1029 iis
1219 998 1361 1030 tantum
1399 992 1523 1040 cerni,
1564 1005 1659 1043 quae
1694 993 1733 1029 in
1766 998 1890 1030 nostra
1921 999 2098 1043 potestate

290 1062 386 1110 sint3
433 1065 591 1097 metuere
627 1065 749 1097 autem
791 1059 994 1112 diliqenter
1035 1060 1218 1098 neminem
1255 1060 1375 1111 magis
1414 1072 1521 1111 posse
1556 1072 1666 1111 quam
1707 1059 1878 1110 pallere,
1926 1065 2096 1108 tremere,

289 1135 482 1180 aeqrotare
500 1128 572 1179 3³).
630 1128 791 1175 verum,
828 1142 949 1179 neque
975 1134 1040 1165 aut
1063 1127 1196 1166 Cicero
1227 1135 1291 1166 aut
1321 1129 1517 1179 quisquam
1545 1141 1708 1179 unquam
1738 1129 1788 1165 ita
1817 1128 1976 1179 aliquem
2008 1129 2097 1165 dili-

289 1201 416 1248 qeater
442 1201 603 1234 metuere
630 1193 736 1243 dixit,
768 1201 809 1233 ut
834 1196 899 1247 qui
926 1195 1038 1233 valde
1069 1195 1127 1233 vel
1154 1208 1291 1247 parum
1322 1202 1478 1245 metuat3
1510 1201 1548 1233 at
1576 1195 1668 1234 dixit
1695 1195 1911 1248 diliqentem
1935 1196 1988 1232 ad
2008 1209 2098 1246 pro·

289 1264 515 1314 pulsandum
545 1269 680 1301 melum
709 1262 878 1314 Philipp.
902 1264 959 1300 X.
980 1262 1025 1312 8,
1053 1265 1118 1315 qui
1143 1265 1175 1301 si
1205 1265 1243 1301 in
1269 1262 1520 1316 propulsando
1549 1269 1650 1301 metu
1678 1263 1865 1315 diligentia
1897 1265 2024 1312 utitur,
2060 1265 2097 1301 in

287 1331 411 1369 eadem
442 1344 551 1369 eausa
577 1337 612 1368 et
640 1331 771 1369 metuit
795 1337 832 1368 et
855 1330 1013 1381 diligens
1037 1337 1114 1378 est,
1150 1331 1207 1369 vel
1239 1331 1340 1382 quod
1367 1332 1463 1369 idem
1493 1337 1569 1378 est,
1607 1331 1808 1382 diligenter
1832 1330 1903 1369 hoc
1931 1338 2097 1376 esteum

289 1399 474 1451 diligentia
503 1399 653 1448 metuit3
691 1412 761 1436 nec
789 1400 823 1436 si
854 1404 984 1436 cautus
1015 1400 1127 1436 timor
1159 1405 1260 1437 recte
1291 1399 1428 1436 dicitur
1460 1397 1575 1437 ovid.
1607 1398 1726 1435 Trist.
1754 1397 1830 1437 111.
1862 1397 1904 1435 5.
1936 1397 2009 1445 65,
2043 1399 2097 1437 di-

287 1466 434 1518 ligentia
469 1473 589 1504 autem
619 1465 680 1504 vel
716 1467 873 1504 maxime
907 1467 944 1503 in
981 1467 1146 1504 cavendo
1182 1467 1345 1504 cernitur
1383 1465 1569 1517 (Philipp.
1598 1465 1692 1503 VII.
1729 1463 1776 1513 13
1816 1465 1892 1502 XI.
1923 1465 1951 1502 4
1962 1480 1974 1514 3
2016 1465 2094 1513 Qu.

287 1534 351 1571 Fr.
385 1534 418 1571 1.
450 1532 487 1571 1.
523 1532 622 1586 14),
664 1534 702 1571 in
745 1540 845 1572 metu
884 1547 1032 1585 quoque
1070 1533 1259 1586 diligentia
1297 1532 1448 1572 habebit
1483 1533 1582 1584 quod
1623 1532 1797 1572 offendat.
1863 1533 1996 1586 Longe
2016 1533 2096 1571 -alia

287 1614 395 1638 causa
427 1608 481 1639 est
512 1601 591 1653 ejus
622 1599 788 1656 α’κύρου,
816 1602 917 1654 quod
947 1604 1028 1654 ipse
1055 1601 1189 1640 Cicero
1218 1601 1452 1653 reprehendit
1479 1601 1526 1638 ad
1555 1601 1663 1638 Fam.
1693 1601 1806 1639 XVI.
1836 1599 1911 1638 17:
1954 1601 2096 1639 valetu-

286 1670 368 1706 dini
391 1669 557 1720 fideliter
584 1670 835 1718 inserviendo,
870 1671 902 1708 si
929 1669 1076 1722 quidem
1108 1670 1272 1709 fidelitati
1302 1671 1340 1708 in
1369 1669 1577 1710 valetudine
1605 1669 1709 1707 locus
1736 1670 1885 1708 omnino
1915 1682 1990 1708 non
2016 1676 2093 1718 est3

286 1737 403 1774 Bruto
432 1743 551 1774 autem
582 1744 679 1775 reete
712 1744 749 1775 et
777 1738 906 1776 ordine
937 1737 1059 1775 dicere
1083 1737 1239 1785 licebat,
1276 1738 1457 1789 majorem
1487 1737 1674 1775 hominem
1703 1736 1938 1789 diliqentiam
1968 1737 2007 1772 in
2032 1737 2095 1789 fia-

288 1806 379 1841 turis
424 1805 532 1842 malis
575 1806 860 1843 extimescendis
899 1819 1011 1858 quam
1049 1806 1087 1841 in
1123 1806 1369 1843 recordandis
1411 1805 1599 1857 beneficiis
1634 1805 1850 1856 praeteritis
1887 1812 2094 1855 apparere3

286 1872 385 1922 quod
413 1873 445 1910 si
473 1872 531 1910 vel
559 1872 650 1910 illud
673 1874 822 1921 Tironi,
852 1875 970 1925 ipsius
993 1873 1186 1912 Ciceronis
1217 1872 1360 1924 aequali
1390 1886 1434 1910 ac
1469 1872 1737 1921 contubernali,
1769 1872 1938 1911 excidere
1966 1880 2094 1924 potue·

286 1946 363 1988 rat,
405 1940 495 1992 quid
530 1939 574 1978 de
611 1939 683 1978 hoc
717 1940 946 1990 dubitemus,
994 1942 1054 1979 cui
1093 1954 1211 1993 neque
1244 1954 1336 1978 usus
1377 1947 1559 1993 repugnat
1595 1947 1630 1979 et
1666 1941 1759 1979 ratio
1792 1940 1881 1978 satis
1912 1944 2095 1992 s'uperque

287 2009 451 2046 constat?
505 2009 564 2046 De
594 2008 675 2046 aliis
709 2009 825 2057 locis,
865 2024 1022 2062 quorum
1058 2009 1167 2060 paulo
1198 2009 1405 2059 impeditior
1436 2010 1528 2058 ratio
1554 2012 1631 2055 est,
1667 2007 1860 2059 postmodo
1891 2007 2094 2058 disputabi-

345 2143 394 2177 32)
415 2144 551 2171 Remnrks
574 2155 603 2181 p.
627 2144 678 2171 93:
709 2155 752 2172 we
772 2145 866 2184 might
886 2145 976 2173 desire
996 2147 1055 2173 him
1077 2151 1104 2173 to
1125 2146 1205 2173 show
1226 2155 1275 2177 us,
1301 2146 1377 2182 from
1400 2144 1500 2172 Cicero
1522 2154 1554 2171 or
1572 2154 1647 2171 some
1668 2144 1749 2171 other
1766 2143 1845 2181 yood
1863 2144 1976 2173 uniter,
2004 2143 2098 2169 where

288 2197 321 2222 he
343 2197 420 2232 finds
448 2198 511 2223 that
535 2207 553 2223 a
577 2208 698 2234 person,
726 2199 791 2225 who
817 2199 948 2226 succeeds
968 2200 1089 2226 another·
1111 2201 1142 2226 in
1163 2209 1220 2235 any
1239 2204 1321 2235 post,
1348 2201 1373 2225 is
1393 2198 1459 2224 nid
1478 2199 1608 2234 reponi
1627 2199 1657 2224 in
1677 2196 1740 2234 ejus
1760 2197 1863 2223 locum.
1904 2195 2008 2222 Nescio
2027 2204 2095 2221 num

289 2248 362 2273 inter
380 2248 516 2284 probatos
538 2253 668 2276 unctores
688 2250 835 2277 Valerium
856 2251 991 2278 Flaccum
1012 2252 1135 2283 resernt3
1157 2254 1186 2277 nt
1205 2252 1230 2276 is
1250 2254 1327 2277 certe
1349 2258 1466 2286 prorsus
1486 2249 1562 2275 idem
1583 2248 1710 2278 exhibet,
1736 2248 1814 2283 quod
1833 2246 2021 2273 Markland-u
2040 2247 2096 2272 sibi

289 2300 400 2326 ostendi
417 2300 521 2335 jubet,
549 2302 706 2336 Argon-ut.
728 2303 780 2329 vl.
802 2302 873 2329 7422
907 2304 967 2330 ruit
987 2314 1048 2330 ecee
1067 2304 1151 2339 ferox
1170 2304 1201 2330 in
1220 2303 1325 2338 fimet-a
1346 2302 1473 2333 Perses„
1489 2311 1570 2337 quem
1593 2301 1707 2338 genitor
1729 2299 1853 2327 Colchis*
1865 2299 1997 2336 solioque
2015 2306 2095 2334 mpo-

290 2361 352 2376 nere
370 2352 470 2386 fratris
488 2355 646 2379 statuerat!

347 2401 394 2436 33)
415 2402 488 2430 thid.
509 2414 537 2440 p.
553 2404 625 2431 206:
659 2405 691 2441 if
701 2414 761 2441 you
782 2404 852 2431 or'I
871 2403 931 2431 had
950 2404 1031 2431 unade-
1052 2415 1099 2432 use
1121 2405 1159 2441 of
1173 2405 1219 2432 the
1241 2406 1404 2441 expression
1424 2403 1641 2442 diligenter
1668 2407 1845 2432 metuere,
1870 2410 1914 2427 we
1935 2400 2027 2438 ought
2045 2406 2095 2429 not

292 2459 318 2480 to
340 2453 410 2480 have
431 2455 510 2481 taken
532 2457 555 2482 1¹!
573 2457 608 2484 ill
628 2458 660 2494 is
673 2468 729 2493 any
752 2456 827 2492 body
849 2457 907 2483 had
928 2457 1017 2484 cnll'ael
1038 2461 1061 2484 it
1089 2467 1224 2485 riomense
1253 2478 1258 2483 .
1285 2477 1290 2482 .
1317 2477 1323 2483 .
1353 2457 1399 2483 the
1428 2457 1534 2484 adverb
1562 2457 1682 2491 maqis
1709 2453 1808 2481 would
1833 2453 1904 2479 have
1927 2452 2021 2479 suited
2049 2453 2095 2479 the

291 2515 414 2541 purpose
436 2506 507 2533 here.
