2308 2908
318 292 462 331 duobus
492 291 655 329 versibus
687 291 890 337 monuisse,
927 289 997 326 alia
1025 287 1144 326 officia
1168 301 1249 326 esse
1278 287 1464 336 hominis,
1500 301 1616 340 quae,
1648 295 1689 327 ut
1710 290 1790 341 ipse
1818 290 1951 331 Cicero
1979 295 2017 331 in
2047 307 2110 345 pa·

316 361 472 397 renthesi
499 359 613 405 addit,
645 371 750 394 nemo
778 370 853 393 non
875 362 1070 406 praestare
1096 357 1243 401 debeat,
1275 356 1345 392 alia
1369 357 1568 406 principis,
1598 357 1635 392 in
1662 370 1737 405 quo
1762 371 1818 404 ea,
1852 372 1947 408 quae
1970 361 2016 396 ab
2047 362 2111 397 illo

316 426 396 464 sola
421 425 517 477 exigi
546 425 707 475 possint,
745 436 818 461 non
845 422 1040 461 sufficiant.
1098 421 1229 460 Multa
1256 423 1397 471 enim,
1418 428 1459 460 ut
1490 428 1549 460 est
1579 436 1647 473 pro
1680 422 1819 463 Flacco
1848 438 1884 463 c.
1914 423 1990 474 10,
2026 434 2112 464 sunt

314 493 512 543 ejusmodi,
543 497 585 528 ut
608 493 720 528 etiam
743 492 779 527 si
805 492 844 527 in
872 491 1019 527 nornine
1046 490 1150 539 ipso,
1184 491 1231 526 de
1259 503 1332 541 quo
1361 491 1507 540 aqitur,
1540 490 1763 541 neqliyeuda
1790 492 1889 539 sint,
1922 499 2043 530 tamen
2071 494 2111 529 in

313 560 528 597 condicione
553 565 664 611 atque
690 559 729 596 in
757 558 924 608 exemplo
949 557 1245 607 pertimescenda
1273 558 1494 606 videantur3
1531 570 1678 607 quaque
1703 557 1811 596 laude
1838 560 1994 610 simplex
2019 562 2110 598 civis

310 626 416 663 facile
433 632 569 674 careat,
596 625 748 663 eandem
768 625 846 676 ejus
874 623 1055 670 condicio,
1085 624 1151 674 qui
1173 625 1212 660 in
1229 638 1374 662 summo
1396 625 1448 661 rei
1471 623 1638 675 publicae
1657 624 1777 675 gradu
1801 627 2021 664 constitutus
2047 629 2108 674 sit,

309 707 415 745 aegre
446 691 681 731 desiderabit.
738 692 865 742 Neque
896 691 1024 728 melior
1051 691 1240 729 Tunstalli
1269 704 1379 729 causa
1408 698 1485 739 est,
1520 692 1584 742 qui
1611 691 1711 742 quod
1737 693 1775 729 in
1809 692 1868 730 his
1893 693 2035 732 verbis:
2080 697 2115 733 si

309 766 374 798 aut
399 774 471 813 quo
500 762 562 798 clie
587 761 671 797 dixi
694 759 909 796 sententiam
929 759 1099 811 perfecta
1128 765 1248 797 essent
1270 766 1306 797 et
1333 773 1407 797 non
1435 760 1472 796 in
1497 760 1595 796 diem
1622 773 1668 796 ex
1695 760 1757 797 die
1781 760 1917 809 dilata,
1946 768 2012 800 aut
2039 776 2111 816 quo

309 843 353 866 ex
377 835 541 880 tempore
569 833 735 877 suscepta
761 832 846 862 sunl
871 831 914 862 ut
938 833 1160 877 ayerentur,
1192 841 1268 864 non
1299 830 1447 865 tardata
1472 834 1507 864 et
1532 829 1832 877 procrastinata,
1865 830 2028 879 putidam
2056 831 2111 868 di-

307 897 493 947 ligentiam
521 902 557 932 et
583 893 864 932 imbecillitatem
891 894 1067 930 orationis
1100 894 1286 944 vituperat
1305 895 1382 946 77),
1420 897 1457 931 in
1485 896 1615 932 ceteris
1641 895 1877 946 epistolarum
1904 896 2009 934 libris
2037 911 2111 935 non

308 975 425 1014 pauca
453 962 614 999 invenire
641 965 796 1011 poterat,
823 972 981 1010 quorum
1003 960 1121 997 multo
1144 960 1271 999 durior
1295 961 1411 999 forma
1435 968 1531 999 esset
1551 961 1630 1014 78);
1660 961 1721 999 illa
1751 975 1857 1000 vero:
1889 976 1936 1000 ex
1961 977 2019 1001 me
2044 979 2110 1001 au-

308 1036 378 1066 tem
412 1029 510 1065 illud
539 1034 613 1074 est,
649 1028 750 1079 quod
778 1033 813 1064 le
839 1027 952 1063 velim
981 1027 1122 1064 habere
1157 1030 1366 1079 cognitum,
1402 1043 1521 1066 meum
1548 1030 1695 1081 quidem
1723 1030 1887 1066 animum
1922 1031 1960 1066 in
1992 1032 2110 1068 aciem

306 1110 382 1133 esse
411 1109 527 1148 neque
555 1101 759 1146 respectum
791 1095 913 1132 ullum
947 1108 1148 1146 quaerere,
1181 1097 1258 1133 nisi
1287 1110 1344 1133 me
1372 1097 1516 1134 utilitas
1546 1099 1706 1135 civitatis
1736 1099 1837 1149 forte
1865 1099 2108 1147 conaverterit3

306 1165 463 1214 majores
497 1168 618 1199 autem
646 1168 774 1213 parles
806 1162 927 1199 animi
962 1167 997 1198 le
1036 1161 1281 1215 Cassiumque
1312 1165 1538 1214 respiciunt,
1575 1165 1624 1201 ita
1656 1165 1912 1214 interpretatus
1946 1170 2024 1211 est,
2069 1171 2109 1202 ut

298 1231 381 1281 jure
405 1238 466 1267 tuo
494 1229 658 1276 dubites,
700 1243 747 1266 an
776 1230 926 1266 omnino
953 1229 1087 1265 Latine
1115 1231 1299 1267 nescierit.
1357 1231 1422 1268 Sic
1450 1231 1546 1267 enim
1574 1232 1703 1268 vertit:
1743 1245 1803 1280 my
1834 1232 1941 1266 miml
1968 1232 2109 1281 wlaolly

305 1298 466 1348 ‹lepemls
503 1310 550 1333 on
589 1296 649 1333 tlte
685 1309 791 1346 army
829 1296 957 1348 before
984 1296 1181 1343 Modena,
1226 1309 1298 1332 nor
1330 1297 1418 1333 does
1449 1297 1477 1333 it
1506 1296 1591 1333 look
1620 1297 1685 1349 for
1720 1311 1792 1348 any
1825 1297 1933 1335 otlaer
1965 1304 2107 1347 resort5

307 1366 369 1401 but
397 1364 458 1401 tlte
488 1365 609 1400 nu‘nds
642 1366 691 1416 of
708 1364 845 1414 people
872 1365 938 1415 for
968 1363 1030 1399 tlae
1060 1369 1155 1399 most
1183 1370 1273 1412 part
1302 1363 1387 1399 look
1415 1364 1480 1414 for
1510 1370 1628 1401 resort
1660 1366 1698 1400 in
1726 1378 1801 1414 you
1831 1366 1908 1401 and
1939 1365 2106 1413 Cassius,

304 1431 399 1469 unde
424 1431 531 1469 facile
563 1432 746 1483 intelligas
774 1445 858 1469 eum
886 1437 998 1469 totam
1027 1432 1248 1481 imaginem,
1282 1444 1354 1481 qua
1381 1429 1513 1468 Cicero
1540 1444 1639 1468 nunc
1666 1431 1803 1479 utitur,
1842 1445 1917 1468 non
1945 1432 2108 1470 animad-

304 1500 473 1546 vertisse,
504 1513 572 1537 nec
599 1500 631 1536 si
656 1499 786 1536 similis
812 1497 1053 1536 Middletonis
1077 1498 1186 1548 culpa
1215 1497 1305 1545 fuit,
1336 1498 1542 1548 interpretis
1570 1498 1747 1548 imperitia
1775 1499 1844 1548 ipsi
1868 1499 1962 1536 libro
1985 1500 2106 1538 fraudi

303 1582 380 1604 esse
410 1574 541 1617 potest.
600 1568 785 1604 Nimirum
814 1565 915 1616 quod
943 1566 1105 1601 animum
1135 1579 1242 1601 suum
1278 1566 1316 1601 in
1350 1566 1468 1602 aciem
1498 1578 1580 1601 esse
1610 1567 1681 1611 nit,
1721 1579 1794 1602 non
1821 1566 1891 1603 hoe
1919 1574 1975 1604 est
2006 1569 2105 1617 quod

303 1633 509 1671 Middleton
536 1635 736 1685 expressit:
775 1647 835 1684 my
867 1632 974 1670 mind
1004 1632 1036 1668 is
1066 1631 1207 1682 wholly
1241 1631 1358 1669 intent
1391 1637 1428 1668 to
1461 1631 1523 1668 tlte
1552 1644 1654 1678 war,
1695 1631 1760 1669 sed
1791 1645 1829 1670 se
1859 1634 1977 1684 ipsum
2006 1634 2105 1673 velut

304 1701 349 1737 ad
377 1701 512 1738 bellum
539 1701 740 1752 gerendum
769 1713 1005 1751 pugnamque
1032 1699 1292 1736 instituendam
1319 1706 1484 1749 paratum
1510 1712 1589 1736 esse
1613 1699 1770 1736 ostendit
1791 1699 1869 1750 79),
1905 1701 2103 1752 eodemque

360 1811 406 1846 77)
428 1812 548 1838 Observ.
569 1821 600 1847 p.
620 1811 690 1838 382:
721 1812 841 1843 labour,
864 1811 963 1838 trivial
982 1815 1144 1841 exundans,
1166 1810 1226 1837 and
1246 1810 1336 1846 lneavy
1359 1810 1410 1837 but
1429 1811 1602 1847 unmeaniny
1618 1810 1744 1846 perionis.

362 1863 409 1896 78)
430 1864 532 1889 Pamin.
554 1863 621 1889 vll.
647 1863 676 1888 l:
705 1864 759 1888 etsi
777 1872 811 1888 eu
826 1864 1007 1899 perturbatio
1028 1868 1070 1889 est
1089 1864 1213 1889 omnium
1232 1872 1336 1892 rerum,
1357 1867 1390 1887 ut
1409 1871 1478 1888 suae
1497 1870 1636 1898 quemque
1654 1862 1789 1896 sin-tunae
1809 1865 1928 1889 maxime
1944 1866 2100 1900 ytoent'leal‚

306 1923 439 1950 nemoque
457 1915 511 1945 sit,
541 1915 612 1950 quin
632 1914 743 1944 ubivis,
771 1923 857 1950 quam
876 1914 937 1945 ibi,
960 1914 1012 1940 ubi
1029 1919 1088 1944 ese,
1109 1923 1166 1940 esse
1185 1914 1285 1944 malit,
1315 1918 1407 1940 tamen
1427 1912 1500 1939 mihi
1517 1912 1636 1939 dubium
1656 1923 1712 1939 non
1732 1918 1789 1944 ese,
1817 1915 1886 1950 quin
1906 1914 1958 1942 Ιιοε
1979 1919 2100 1952 tempore

306 1967 377 1992 bono
397 1967 458 1992 viro
478 1967 585 1992 Romae
605 1976 663 1992 esse
684 1967 869 1992 miserrimum
888 1966 937 1991 sit.
978 1964 1052 1990 lbid.
1075 1964 1109 1990 X.
1133 1965 1186 1990 222
1220 1965 1298 2001 quod
1321 1965 1360 1990 ad
1385 1975 1427 1990 me
1451 1965 1604 2000 scripseras
1631 1964 1666 1990 de
1691 1974 1720 1990 re
1746 1967 1881 2001 ayraria,
1909 1969 1936 1993 si
1954 1969 2099 1995 consultus

305 2021 419 2042 senalus
443 2022 528 2048 essee,
557 2021 590 2043 ut
615 2018 735 2053 quisque
761 2015 1072 2052 honorificentissimam
1093 2015 1127 2042 de
1150 2020 1175 2042 ie
1195 2016 1361 2042 sententiam
1382 2015 1515 2045 dixisset,
1546 2025 1605 2041 eam
1628 2020 1738 2041 seculus
1758 2026 1859 2049 essem,
1885 2020 1936 2055 qui
1955 2025 2025 2046 certe
2045 2030 2097 2057 eqo

303 2068 431 2102 fuissem.
472 2068 547 2093 lbi-1.
570 2067 620 2092 31:
652 2078 687 2093 ne
706 2077 820 2092 'movear
839 2066 902 2103 ejus
923 2067 1109 2095 sermonibus,
1131 2076 1212 2101 quem
1233 2067 1345 2091 tametsi
1362 2075 1441 2091 nemo
1462 2071 1504 2091 est
1522 2067 1574 2101 qui
1592 2065 1686 2092 videre
1705 2067 1784 2097 velit,
1805 2073 1896 2094 tarmen
1916 2080 2097 2107 nequaquam

302 2117 425 2154 proinde
442 2126 477 2143 ae
496 2117 602 2154 diynus
621 2122 662 2144 est
682 2118 803 2144 oderunt
822 2117 958 2147 homiues,
977 2117 1138 2153 perieulum
1157 2126 1215 2144 non
1232 2121 1283 2143 est.
1326 2116 1400 2142 lbid.
1421 2116 1486 2142 ΧΠ.
1505 2116 1539 2143 2:
1560 2116 1698 2154 intelliyit
1717 2118 1788 2144 enim
1806 2119 1932 2156 populus
1950 2121 2097 2148 Rom-nm-

304 2176 359 2196 tres
377 2179 435 2196 esse
455 2170 627 2199 consulares,
650 2170 711 2205 qni,
733 2169 814 2205 quia,
835 2179 909 2205 quae
928 2169 963 2195 de
981 2179 1011 2195 re
1028 2169 1148 2204 publicu
1169 2170 1237 2194 bene
1255 2168 1402 2197 senserint,
1424 2167 1511 2194 libere
1530 2169 1621 2195 loculi
1637 2176 1713 2200 sunt,
1735 2175 1795 2196 tuto
1816 2171 1847 2196 in
1860 2176 1987 2198 senatum
2002 2175 2096 2199 venire

302 2231 359 2248 ηοιι
379 2221 499 2257 possint.
542 2220 629 2247 Anio.
651 2220 730 2246 xlv.
753 2219 803 2245 13:
833 2224 925 2246 tamen
943 2220 970 2245 si
989 2224 1031 2245 est
1050 2219 1155 2245 bellum
1179 2219 1262 2245 civile
1279 2219 1421 2254 futurum,
1442 2218 1520 2256 quod
1539 2224 1610 2246 certe
1630 2221 1692 2250 erit,
1712 2220 1739 2246 si
1755 2220 1858 2248 Sextus
1879 2223 1909 2248 ιἰι
1928 2224 2014 2250 arinis
2030 2234 2093 2261 per—

301 2274 445 2304 manserit,
468 2283 549 2310 quem
567 2283 784 2309 permansurum
804 2282 861 2298 esse
881 2277 954 2299 certo
973 2273 1044 2302 scio,
1065 2271 1137 2308 quid
1156 2271 1237 2297 nobis
1254 2271 1418 2307 faciendum
1436 2272 1487 2302 sil,
1508 2273 1618 2308 iynoro.

356 2326 406 2360 79)
427 2327 566 2352 Nimirum
587 2326 618 2351 in
638 2325 727 2351 aciem
752 2324 860 2350 dietum
888 2328 931 2350 est
956 2333 1009 2359 pro
1030 2325 1060 2350 in
1079 2324 1158 2354 acie,
1188 2322 1399 2357 elegantissimo
1423 2331 1494 2353 usu,
1523 2332 1604 2358 quem
1621 2323 1681 2359 jsun
1704 2324 1814 2350 Gellius
1837 2324 1858 2350 1.
1878 2324 1892 2350 7
1915 2325 1945 2350 in
1965 2325 2092 2351 oratione

300 2387 350 2413 pro
371 2378 435 2412 lege
456 2377 535 2403 Man.
557 2386 584 2403 c.
609 2376 643 2402 ¹2
664 2377 748 2402 docte
769 2376 943 2404 vindicavit,
965 2376 1106 2410 cujusque
1127 2375 1240 2409 gemina
1259 2374 1385 2409 exempla
1409 2374 1542 2409 leguntur
1561 2375 1642 2400 Vei-r.
1664 2375 1700 2400 V.
1721 2374 1774 2400 38:
1807 2376 1838 2400 in.
1857 2384 1952 2401 corun·
1968 2380 2092 2411 potesta-

301 2434 352 2455 !em
369 2433 485 2466 portum
502 2428 635 2465 furiarum
656 2427 869 2464 intelliyebant,
890 2430 918 2453 et
938 2426 1064 2462 Philipp.
1085 2426 1152 2452 ΧΠ.
1168 2425 1200 2452 2:
1222 2434 1257 2451 ne
1275 2426 1302 2452 si
1320 2426 1349 2451 in
1367 2430 1482 2452 seu-eus
1501 2426 1613 2462 quidem
1631 2432 1798 2463 potestate-u
1817 2436 1846 2452 se
1862 2426 1995 2463 futurum
2014 2427 2090 2454 dixe-

297 2482 353 2511 rit3
383 2481 455 2506 adde
477 2481 574 2505 Diviu.
596 2481 625 2505 in
649 2480 756 2505 caecil.
779 2488 804 2505 c.
822 2478 876 2505 20:
909 2488 982 2514 quae
1007 2478 1037 2503 in
1063 2478 1218 2503 amicitiam
1241 2477 1348 2513 populi
1364 2477 1489 2503 Romani
1506 2476 1699 2513 dicionemque
1720 2482 1827 2508 essene,
1856 2478 1995 2513 pluraque
2015 2481 2090 2514 npud

299 2533 454 2559 lilenzcum
473 2533 509 2559 de
529 2532 593 2567 lege
614 2533 736 2559 senilia
755 2542 785 2569 p.
808 2530 844 2559 23
868 2535 896 2557 et
916 2530 1055 2557 Kritzium
1075 2531 1110 2556 nd
1131 2529 1250 2556 Sallust.
1271 2528 1405 2564 Jugurih.
1430 2538 1457 2555 c.
1479 2528 1540 2555 112.
