2308 2908
1148 167 1221 212 18

289 285 446 325 eundem
472 285 519 323 ad
546 285 701 334 Dionys.
726 281 772 319 de
791 280 967 330 Compos.
998 293 1037 329 p.
1060 278 1146 316 170
1172 285 1210 316 et
1230 278 1376 316 Melett.
1406 278 1488 315 crit.
1520 290 1558 326 p.
1580 275 1654 324 58,
1694 276 1862 314 Boeckh.
1894 278 1942 315 ad
1969 279 2083 318 Pind.

290 353 442 406 olymp.
471 353 505 389 1.
534 350 575 398 7,
604 347 769 387 Nitzsch.
799 346 848 384 ad
874 345 1016 398 Odyss.
1045 346 1101 383 11.
1129 343 1227 393 120,
1257 344 1466 382 Hermann.
1496 342 1545 380 ad
1569 342 1699 395 Viger.
1725 357 1764 395 p.
1793 341 1894 391 717,
1922 344 2087 384 Sintenis

289 421 335 459 ad
362 421 464 459 Plut.
491 416 629 456 Pericl.
660 429 696 454 c.
724 414 765 464 7,
803 413 941 453 Stallb.
968 413 1015 451 ad
1041 413 1143 452 Plat.
1173 413 1329 464 Protag.
1359 424 1395 449 c.
1426 409 1502 458 58,
1535 409 1674 449 Jacob.
1704 411 1752 449 ad
1779 411 1940 450 anian.
1968 410 2082 451 Alex.

288 501 322 524 c.
347 485 418 534 40,
452 483 666 522 Frotscher.
697 482 744 520 ad
773 481 950 533 Xenoph.
980 482 1138 519 Hieron.
1168 493 1203 517 c.
1228 479 1250 517 1
1277 484 1392 526 extr„
1420 478 1627 530 Latinoque
1658 479 1759 530 apud
1784 479 1905 517 Rritz.
1930 479 1978 517 ad
2001 479 2086 518 Sal-

286 555 371 592 lust.
400 552 509 592 Catil.
540 566 576 590 c.
602 550 672 590 51.
690 549 759 600 18,
789 551 920 589 Loers.
948 549 994 587 ad
1016 548 1129 588 ovid.
1160 548 1277 585 Trist.
1298 547 1352 586 V.
1372 545 1416 585 5.
1440 545 1514 595 45,
1542 553 1580 586 et
1600 547 1728 599 lntpp.
1751 547 1894 586 Juven.
1912 548 1989 586 111.
2012 547 2083 586 74.

284 620 361 659 Sed
390 618 632 668 Tunstallus‚
669 624 710 657 ut
735 617 901 669 superius
930 615 1027 663 dixi,
1061 616 1100 652 in
1127 613 1199 652 hoc
1225 627 1361 666 genere
1386 620 1423 652 et
1449 614 1597 666 parcior
1620 614 1692 653 suit
1717 620 1755 654 et
1778 615 1943 666 cautior3
1984 621 2087 655 tanto

283 687 585 725 inconsideratior
609 686 862 733 Marklandus,
893 697 1001 735 quem
1031 682 1093 720 ubi
1119 682 1277 720 fidenter
1301 688 1495 734 negantem
1520 682 1639 734 legas,
1671 683 1825 722 verbum
1849 684 2000 736 aliquod
2027 685 2088 722 vel

284 761 505 793 structuram
531 754 629 805 apud
658 754 869 793 Ciceronem
893 757 1057 798 exstare,
1085 763 1212 789 omnes
1240 749 1319 801 ejus
1346 750 1461 788 libros
1484 751 1524 787 in
1551 757 1743 789 numerato
1771 751 1908 791 habere
1933 753 2083 801 crcdas3

283 835 367 858 mox
394 822 600 859 accuratius
626 821 845 871 investigans
874 831 919 855 ne
953 817 1129 869 epistolas
1157 817 1306 869 quidem
1334 823 1474 856 ceteras
1502 823 1640 870 quanta
1676 831 1744 869 par
1776 826 1855 858 erat
1881 833 1970 858 cura
2001 834 2086 859 eum

281 889 414 939 legisse
440 889 630 940 intelliges.
686 887 797 925 Velut
829 887 868 923 in
903 886 1059 937 epistola
1095 885 1514 934 duodevicesima,
1556 886 1621 924 ubi
1655 885 1747 925 haec
1783 886 1980 939 leguntur:
2023 903 2086 926 ar·

283 968 547 993 cesseremusne
575 961 610 994 te
635 960 744 1007 atque
777 954 821 991 id
847 953 920 992 tibi
945 954 1156 992 conducere
1181 959 1425 1005 putaremus,
1465 967 1516 991 an
1543 954 1698 992 tardare
1726 959 1764 992 et
1793 956 2021 994 commorari
2051 961 2087 994 te

282 1024 414 1060 melius
443 1030 548 1070 esset,
581 1023 642 1060 ille
668 1022 793 1060 multis
821 1021 944 1060 verbis
966 1023 1018 1060 ita
1045 1022 1221 1073 disputat,
1251 1029 1292 1060 ut
1319 1023 1474 1060 tardare
1497 1027 1608 1073 neget
1637 1027 1724 1060 ante
1751 1021 1927 1061 historiae
1950 1022 2085 1075 Augu-

278 1096 354 1127 stae
389 1091 583 1140 scriptores
618 1088 716 1140 apud
745 1102 957 1141 quenquam
990 1089 1118 1127 Latini
1150 1091 1332 1129 sermonis
1369 1095 1558 1128 auctorem
1592 1089 1862 1129 intransitivum
1900 1091 2085 1144 signitica-

278 1163 354 1194 tum
384 1170 532 1207 gerere,
567 1169 684 1205 eoque
712 1162 898 1207 postremo
922 1157 1135 1206 descendit,
1172 1163 1213 1195 ut
1241 1163 1388 1195 nostrae
1417 1156 1594 1208 epistolae
1620 1157 1835 1207 scriptorem
1863 1171 1948 1196 eum
1977 1173 2085 1197 usum

277 1238 321 1261 ex
359 1237 544 1262 sacrorum
573 1223 781 1262 Bibliorum
814 1226 1113 1276 interpretatione
1145 1225 1294 1276 vulgata
1328 1224 1506 1262 didicisse
1537 1231 1670 1276 arguat
1689 1225 1772 1277 ²4);
1817 1239 1928 1276 quem
1964 1233 2085 1264 tamen

277 1291 372 1342 apud
405 1292 525 1342 ipsum
551 1290 768 1330 Ciceronem
797 1291 920 1344 legere
952 1299 1095 1344 poterat
1122 1292 1169 1330 ad
1200 1292 1285 1330 Att.
1314 1292 1387 1331 vl.
1420 1291 1468 1329 7:
1507 1292 1691 1344 numquid
1715 1298 1825 1342 putes
1854 1293 2087 1343 reipublicae

276 1359 422 1395 'contine
451 1360 675 1396 tardandum
703 1373 782 1398 esse
808 1361 942 1409 nolus,-
974 1374 1094 1410 neque
1119 1360 1225 1398 aliter
1250 1360 1432 1411 Virgilius
1461 1358 1563 1396 Aen.
1592 1359 1647 1396 X.
1675 1357 1786 1397 857:
1815 1361 1873 1397 vis
1900 1361 1980 1398 alto
2004 1361 2086 1398 vul-

275 1439 361 1464 nere
389 1426 513 1464 tardat
522 1441 536 1475 ‚-
564 1432 605 1465 ut
631 1427 771 1466 mittam
795 1425 971 1467 Caesaris
997 1427 1122 1466 locum
1149 1428 1199 1467 B.
1228 1426 1276 1467 C.
1308 1427 1366 1465 11.
1388 1424 1462 1476 43,
1493 1416 1604 1478 quem
1630 1427 1709 1479 ipse
1737 1426 1981 1467 Marklandus
2005 1428 2085 1467 lau-

275 1493 357 1541 dat,
387 1494 450 1531 sed
475 1501 514 1531 ut
544 1495 789 1532 tardarentur
816 1496 1056 1534 scribendum
1086 1509 1167 1534 esse
1198 1494 1421 1541 contendat,
1457 1495 1628 1545 quamvis
1654 1495 1815 1545 optimus
1842 1495 1958 1533 codex
1985 1496 2084 1547 apud

276 1560 576 1613 Oudendorpium
611 1562 746 1601 habeat
781 1565 977 1602 tardarent
1017 1565 1171 1615 ipsaque
1203 1564 1285 1602 soni
1318 1562 1498 1614 elegantia
1532 1568 1616 1613 post
1647 1562 1868 1602 antecedens
1899 1565 2083 1614 deprime-

275 1634 401 1665 rentur
432 1630 589 1666 activam
624 1629 783 1668 formam
816 1631 970 1683 flagitet.
1028 1630 1172 1669 Eadem
1203 1643 1314 1668 causa
1347 1636 1403 1668 est
1433 1629 1519 1667 libri
1547 1629 1701 1668 secundi
1730 1631 1979 1681 septimae,
2018 1631 2083 1669 nbi

275 1696 473 1745 praefracte
506 1704 616 1748 negat
657 1698 838 1736 honorem
877 1701 953 1737 diis
993 1699 1268 1737 immortalibus
1300 1699 1490 1736 decretum
1522 1703 1623 1736 recte
1658 1698 1755 1747 dici3
1799 1699 1952 1736 decerni
1985 1700 2083 1736 enim

273 1761 475 1813 triumphos
501 1771 537 1801 et
563 1764 715 1814 similia,
749 1765 910 1805 honores
935 1767 1097 1817 haberi3
1126 1766 1280 1818 ejusque
1307 1780 1394 1804 usus
1420 1770 1565 1817 praeter
1592 1764 1685 1803 alios
1711 1765 1838 1812 locos,
1875 1764 1920 1803 de
1947 1765 2082 1817 quibus

273 1829 381 1868 facile
409 1831 663 1881 concedimus,
692 1833 800 1872 etiam
828 1833 941 1873 Catil.
965 1834 1042 1872 111.
1073 1848 1108 1872 c.
1134 1833 1190 1872 10
1216 1834 1464 1872 testimonium
1488 1832 1711 1872 denunciat:
1742 1832 1855 1871 multi
1875 1846 1987 1884 saepe
2015 1833 2082 1871 lao-

272 1911 379 1935 nores
405 1899 480 1936 diis
505 1899 775 1939 immortalibus
794 1903 890 1953 justi
909 1903 1035 1941 habiti
1050 1909 1136 1941 sunt
1160 1917 1205 1941 ae
1229 1903 1362 1950 debiti,
1387 1901 1487 1945 unde
1517 1902 1639 1953 ipsum
1663 1906 1828 1940 nostrum
1848 1900 1971 1939 locum
1998 1915 2080 1940 ver-

272 1965 381 2003 batim
409 1967 479 2017 (sic
508 1968 603 2005 enim
628 1968 809 2021 loquitur)
840 1985 916 2008 uno
942 1978 1084 2008 tantum
1115 1971 1298 2009 vocabulo
1327 1970 1495 2020 imperite
1522 1975 1662 2007 mutato
1692 1971 1972 2019 transscriptum
1998 1982 2080 2006 esse

270 2034 389 2084 arguit
406 2033 476 2086 25).
532 2034 597 2073 Me
630 2049 718 2074 vero
747 2050 816 2076 nec
847 2039 879 2076 si
909 2038 1033 2077 nullus
1063 2037 1169 2077 locus
1193 2043 1365 2085 exstaret,
1398 2035 1463 2074 nbi
1490 2036 1650 2075 honores
1677 2036 1831 2074 decerni
1853 2034 2077 2083 dicerentur,

325 2223 374 2259 24)
396 2226 532 2253 Reman-ks
555 2237 583 2263 p.
608 2226 678 2254 113:
706 2227 783 2264 from
810 2226 887 2254 these
904 2227 1003 2264 places
1030 2228 1068 2264 of
1085 2227 1131 2254 the
1152 2228 1242 2254 Latin
1263 2226 1392 2263 Vulgatc
1412 2226 1436 2252 ιἸ
1455 2226 1480 2253 is
1505 2225 1594 2262 ltkety
1617 2235 1670 2253 our
1687 2225 1807 2252 Auum·
1826 2225 1892 2252 took
1912 2225 1956 2252 his
1979 2235 2027 2252 ure
2048 2226 2086 2262 of

273 2276 318 2302 the
340 2278 422 2304 verbe
449 2280 607 2306 tardare
630 2300 637 2306 .
660 2299 667 2306 .
691 2299 699 2307 .
723 2280 788 2306 ltere
808 2279 874 2306 then
893 2281 924 2307 in
945 2280 989 2307 all
1007 2280 1189 2317 probability
1217 2280 1242 2306 is
1268 2289 1307 2306 an
1327 2279 1455 2306 instance
1474 2279 1545 2315 of·
1563 2278 1647 2306 word
1667 2282 1720 2305 not
1738 2277 1808 2304 used
1826 2278 1858 2304 in
1880 2277 1945 2304 that
1962 2287 2079 2304 marinei-

272 2328 330 2354 and
347 2329 542 2366 signification
561 2333 593 2359 in
613 2332 660 2358 tlte
681 2333 747 2358 time
769 2331 808 2368 uf
822 2331 941 2358 Cicero!

327 2381 375 2415 25)
396 2383 469 2408 lbid.
490 2393 520 2420 p.
541 2383 594 2410 81:
628 2384 680 2410 but
699 2393 752 2410 our
770 2383 908 2415 Auster,
935 2384 1024 2410 either
1051 2384 1115 2410 that
1138 2384 1173 2409 1η·
1197 2383 1291 2420 nniyltt
1310 2383 1425 2409 conceal
1446 2382 1491 2410 Ιιίε
1511 2381 1676 2419 obligation
1697 2385 1725 2407 to
1746 2380 1813 2407 that
1827 2388 1955 2417 pass-qe
1972 2379 2010 2415 ef
2026 2379 2078 2406 Ci-

276 2441 354 2463 rero,
381 2443 414 2460 or
435 2435 551 2461 because
571 2435 606 2461 lte
624 2435 703 2461 knew
724 2444 760 2462 no
785 2435 891 2466 better,
922 2435 982 2462 and
1002 2435 1127 2472 thouqlot
1143 2436 1167 2461 it
1185 2444 1246 2461 was
1265 2434 1312 2461 the
1331 2444 1408 2461 sane
1428 2434 1531 2471 thing,
1558 2433 1672 2460 inste-d
1691 2432 1730 2469 of
1752 2432 1911 2459 babitus
1933 2436 2003 2468 puts
2022 2430 2074 2457 de-

274 2489 407 2510 cretus:
437 2485 471 2511 lue
493 2496 592 2513 eeemes
616 2492 643 2513 ta
665 2487 737 2513 haue
755 2486 815 2513 had
835 2487 887 2513 but
906 2486 982 2512 little
1002 2488 1101 2513 notium
1121 2486 1159 2523 of
1170 2486 1226 2512 this
1246 2490 1365 2517 matter,
1396 2486 1455 2512 and
1474 2490 1535 2512 acts
1554 2495 1587 2512 as
1607 2485 1641 2521 if
1654 2485 1689 2511 loe
1709 2483 1835 2521 thought
1857 2483 1921 2510 rto-t
1942 2488 1970 2510 tc
1993 2484 2075 2510 write

276 2535 361 2561 Latin
381 2536 404 2561 is
423 2536 543 2574 nothing]
563 2547 636 2565 more
657 2538 726 2565 than
747 2543 774 2565 tu
793 2543 849 2575 put
871 2538 999 2575 together
1019 2538 1108 2564 Latin
1127 2537 1239 2565 ivonis!
