2308 2908
261 314 406 365 quidem
441 308 745 361 reprehensiones
778 306 925 344 meliore
961 305 1197 344 fundamento
1225 306 1415 354 nituntur,
1455 307 1519 357 qui
1554 306 1654 357 quod
1688 307 1865 346 honorem
1894 313 1968 348 diis
1999 313 2063 350 de-

264 380 367 417 cerni
390 377 556 427 negavit,
578 373 656 424 jam
681 374 849 424 superius
876 373 1121 424 explosimus‚
1151 371 1251 423 quod
1273 378 1393 410 autem
1423 372 1459 409 in
1488 372 1722 424 conjunctivo
1750 381 1791 412 ut
1817 374 1955 412 soteres
1981 384 2064 427 post

262 460 327 483 nec
355 451 389 481 tc
414 443 603 492 scripsisse
637 442 689 477 ud
719 447 801 477 tuos
825 440 1011 491 obliquam
1040 441 1239 477 orationem
1268 453 1465 491 agnoscere
1492 440 1608 477 noluit
1630 441 1709 492 52),
1749 448 1847 478 tanta
1881 442 2064 479 cavillatio

260 519 334 559 est,
367 516 407 548 ut
434 510 494 546 vix
522 521 700 558 responso
723 507 834 559 digna
862 507 1039 545 videatur.
1098 506 1297 558 Scripserit
1324 507 1478 554 Cicero,
1509 507 1608 558 quod
1635 508 1697 546 ille
1726 508 1907 558 postulat,
1937 515 1978 546 ut
2003 523 2063 545 so-

261 579 385 624 lebas-3
425 582 579 626 quantas
614 588 696 611 eum
734 587 869 624 poenas
903 572 1115 611 censoribus
1151 572 1321 610 daturum
1360 574 1471 611 fuisse
1499 581 1627 625 putas,
1667 576 1730 627 qui
1756 574 1837 626 jure
1863 577 2063 627 meritoque

259 645 547 696 quaesivissent,
578 641 763 692 quomodo
790 653 936 678 necesse
964 640 1075 676 suerit
1102 640 1221 677 Bruto
1250 642 1413 687 narrari,
1445 654 1517 692 qua
1544 643 1624 692 ipse
1652 642 1916 680 consuetudine
1945 649 2062 680 utere-

258 712 337 749 tur!
377 711 485 748 unice
514 710 627 760 igitur
655 722 778 745 verum
805 713 859 745 est
891 706 1051 752 soleres,
1091 720 1110 743 e
1138 706 1325 745 Labeonis
1358 722 1420 746 ore
1448 708 1608 756 dictum,
1646 723 1754 760 quem
1782 709 1914 748 Cicero
1938 710 2062 748 literas

258 779 364 815 Bruti
393 779 442 814 ita
474 778 511 813 in
544 775 694 812 dubium
724 787 872 812 vocasse
900 779 1046 821 narrat,
1087 780 1127 811 ut
1155 787 1237 810 eum
1272 780 1416 826 praeter
1449 775 1748 813 consuetudinem
1784 776 1875 814 nibil
1902 777 1947 814 ad
1976 791 2062 815 suos

257 846 446 895 scripsisse
482 843 639 889 diceret,
683 848 722 878 ut
758 856 794 877 v.
831 853 864 877 c.
907 839 1074 891 Philipp.
1112 840 1167 877 11.
1200 840 1249 877 2:
1297 843 1400 892 cujus
1433 842 1543 878 etiam
1577 841 1788 893 familiares
1823 845 1870 880 de
1905 845 1945 880 vi
1975 858 2061 881 cou-

258 911 425 950 demuati
448 916 554 956 suut,
592 909 693 961 quod
717 909 774 945 tui
796 908 906 944 nimis
931 908 1092 945 studiosi
1118 908 1302 959 ficissent,
1338 915 1373 946 et
1400 921 1468 960 pro
1494 908 1633 946 Flacco
1659 922 1694 946 c.
1722 907 1773 957 6,
1804 910 1868 947 ubi
1893 917 1990 948 certe
2016 925 2062 949 ex

258 979 475 1016 scholiastae
501 977 654 1014 lectione
683 975 946 1012 restituendum
973 981 1048 1012 cst:
1079 988 1199 1012 sermo
1228 981 1281 1012 cst
1304 982 1381 1012 tota
1409 975 1507 1013 Asia
1535 977 1759 1026 dissipatus,
1796 976 1867 1014 Cn.
1899 978 2060 1028 Pompe-

246 1049 357 1097 jum,
395 1045 495 1096 quod
524 1044 573 1081 L.
605 1043 745 1080 Flacco
784 1048 876 1080 esset
908 1042 1139 1079 veliementer
1175 1043 1369 1089 inimicus,
1411 1045 1640 1082 contendisse
1674 1059 1697 1081 u
1729 1044 1783 1082 D.
1819 1044 1954 1087 Laelio
1986 1052 2057 1083 etc.

257 1112 414 1149 Gravior
435 1111 587 1148 offensio
609 1111 770 1148 occurrit
789 1111 826 1146 in
847 1108 931 1145 libri
955 1110 1062 1158 primi
1084 1109 1235 1159 epistola
1259 1109 1487 1158 secunda,
1517 1124 1590 1161 qua
1610 1124 1683 1148 non
1704 1110 1900 1148 Tunstallo
1920 1118 2061 1148 tantum

258 1193 383 1218 verum
410 1179 517 1216 etiam
542 1176 716 1223 Handio,
756 1177 835 1213 viro
863 1175 1152 1226 elegantissimo,
1192 1182 1350 1214 aetutem
1378 1191 1483 1213 suum
1510 1177 1632 1229 falsus
1660 1183 1791 1215 auctor
1819 1177 2061 1227 epistolatum

261 1249 311 1286 ad
334 1247 497 1285 Brutum
526 1245 687 1295 prodere
720 1244 822 1281 visus
856 1249 912 1280 est
931 1243 1009 1295 ⁸3),
1039 1244 1070 1281 si
1098 1243 1244 1294 quidem
1272 1246 1320 1283 ita
1350 1245 1516 1296 scripsit:
1558 1245 1719 1297 quinque
1746 1251 1868 1283 utitem
1898 1245 2059 1283 cohorti-

263 1318 327 1352 bus
358 1315 450 1366 quid
479 1326 517 1350 se
549 1325 635 1347 nam
663 1311 851 1362 sucturum
880 1311 1082 1347 arbitratus
1111 1317 1178 1358 est,
1207 1326 1317 1363 quium
1347 1319 1386 1349 tu
1412 1325 1455 1349 eo
1482 1313 1643 1363 quinque
1672 1312 1849 1363 quiones,
1882 1314 2061 1363 optimum

263 1383 489 1434 equitatum,
525 1379 689 1415 maxima
719 1377 863 1414 auxilia
893 1378 1073 1414 inuberes?
1103 1391 1220 1428 neque
1247 1379 1372 1429 negari
1400 1384 1518 1428 potest
1546 1391 1588 1414 eo
1614 1392 1682 1428 pro
1709 1379 1764 1414 ibi
1786 1379 1884 1429 apud
1909 1380 2059 1418 Cicero·

259 1463 342 1487 nem
371 1447 534 1497 aliosque
561 1444 732 1496 probatae
759 1444 969 1481 Latinitatis
998 1450 1163 1482 auctores
1191 1457 1370 1494 nusquam
1396 1450 1580 1494 praeterea
1611 1446 1803 1495 usurpari,
1842 1447 1930 1496 quin
1956 1448 2055 1497 geni-

260 1518 356 1554 tivus
383 1515 459 1552 loci
482 1512 581 1550 velut
604 1526 671 1563 pro
696 1511 817 1549 fulcro
842 1510 1047 1561 adjiciatur,
1077 1517 1117 1548 ut
1145 1524 1211 1561 pro
1231 1510 1353 1548 Sestio
1377 1523 1411 1548 c.
1436 1509 1513 1548 51:
1543 1525 1601 1548 res
1629 1517 1710 1549 erat
1732 1518 1767 1549 et
1793 1526 1905 1550 causa
1930 1520 2056 1551 nostra

259 1596 301 1619 co
321 1583 408 1633 jam
446 1580 536 1625 loci,
572 1585 612 1616 ut
643 1580 785 1629 eriqere
813 1577 941 1614 oculos
969 1583 1005 1613 et
1036 1578 1159 1614 vivere
1177 1578 1378 1624 videretur,
1412 1584 1448 1614 et
1479 1577 1526 1613 ad
1550 1576 1634 1614 Att.
1663 1578 1697 1614 Ι.
1727 1576 1804 1615 15:
1843 1593 1902 1615 res
1928 1581 2055 1616 eodem

256 1655 309 1687 est
336 1648 414 1685 loci
435 1659 508 1698 quo
539 1644 728 1697 reliquisti
733 1659 747 1693 ,-
780 1650 818 1682 at
847 1645 878 1680 si
905 1656 985 1681 eam
1013 1649 1167 1681 aetatem
1196 1644 1403 1694 quaerimus
1431 1657 1540 1695 quam
1570 1657 1612 1682 eo
1641 1644 1758 1682 solum
1786 1646 1942 1696 positum
1970 1659 2054 1697 pro-

257 1717 340 1763 dat,
376 1713 583 1751 inferiorem
613 1726 679 1750 nos
706 1713 918 1749 inventuros
945 1724 1023 1748 esse
1052 1711 1112 1747 vix
1141 1717 1231 1761 puto
1251 1710 1327 1763 84):
1367 1712 1478 1748 immo
1504 1712 1719 1748 remittimur
1744 1711 1790 1749 ad
1813 1714 2050 1764 superiorem,

255 1783 318 1821 ubi
341 1781 502 1819 Titinius
526 1778 701 1817 Comicus
727 1778 825 1829 apud
853 1778 1004 1816 Festum
1034 1777 1142 1815 dixit:
1179 1779 1272 1830 quid
1296 1778 1410 1815 habes
1433 1779 1510 1815 nisi
1533 1792 1646 1815 tanam
1674 1792 1799 1816 arcam
1825 1780 1904 1816 sine
1929 1780 2053 1817 clavi?

254 1865 296 1889 eo
328 1849 504 1888 sucerdas
537 1848 688 1894 condis,
726 1852 942 1897 tantumque
976 1845 1079 1883 abest
1107 1851 1148 1882 ut
1181 1846 1219 1883 in
1248 1845 1318 1884 hoc
1346 1859 1417 1883 usu
1444 1844 1640 1883 barbarum
1672 1845 1829 1897 aliquem
1863 1846 2051 1885 falsarium

253 1915 593 1969 deprehendamus,
632 1921 672 1952 ut
700 1913 792 1952 nihil
824 1915 893 1951 nisi
921 1913 1123 1963 quotidiani
1151 1914 1329 1951 sermonis
1357 1913 1612 1964 negligentiam
1641 1919 1765 1951 tenere
1794 1898 1901 1951 nobis
1929 1914 2050 1952 videa-

256 2000 356 2033 mur,
395 1997 505 2035 quam
535 1982 595 2019 vel
624 1980 822 2019 Ciceronis
848 1980 1045 2030 epistolae,
1077 1981 1289 2031 praesertim
1312 1980 1525 2017 festinanter
1543 1982 1702 2031 scriptae
1729 1987 1769 2018 ut
1788 1980 1880 2019 haec
1906 1981 1951 2019 de
1978 1995 2050 2033 qua

253 2066 351 2090 nunc
384 2052 524 2103 agitur,
565 2047 748 2086 interdum
777 2060 860 2085 cum
897 2048 1044 2098 antiqua
1071 2046 1258 2085 comoedia
1287 2059 1514 2084 communem
1543 2047 1691 2085 habent.
1749 2047 1859 2086 Mitto
1886 2049 2046 2100 reliqua3

254 2120 318 2157 sed
345 2121 383 2156 in
410 2118 500 2169 ipsis
522 2116 689 2154 locorum
714 2113 1028 2165 designationibus
1057 2128 1166 2165 quam
1193 2114 1421 2164 promiscuus
1450 2115 1636 2152 vetustatis
1663 2128 1750 2152 usus
1777 2116 1903 2163 fuerit,
1933 2115 2048 2153 Grae-

308 2242 356 2273 3⁸2>
377 2240 515 2266 Reman-ks
535 2247 564 2272 p.
588 2237 640 2263 96:
669 2246 733 2262 now
756 2236 795 2262 let
815 2236 872 2262 him
891 2236 967 2262 show
987 2246 1028 2262 me
1049 2245 1100 2261 one
1119 2236 1237 2262 Author
1257 2236 1363 2262 besides
1383 2236 1515 2271 himself,
1534 2236 1599 2262 who
1619 2237 1714 2262 writes
1734 2240 1773 2261 ut
1789 2236 1945 2266 soleres,
1966 2236 2047 2262 when

255 2293 299 2317 the
319 2291 480 2327 expression
501 2290 526 2315 is
547 2287 743 2319 absolute,
763 2297 794 2313 us
816 2288 840 2313 it
858 2288 882 2313 is
903 2286 985 2312 here!

308 2343 355 2376 83)
377 2343 499 2368 Turseli.
521 2342 555 2367 T.
576 2341 617 2371 Il,
638 2350 667 2375 p.
684 2339 751 2365 410.

309 2394 357 2428 84)
377 2393 542 2420 'l'unstallus
570 2391 685 2427 quidem
712 2399 742 2425 p.
765 2388 817 2415 381
848 2389 877 2415 in
898 2390 959 2425 ipsa
986 2389 1107 2425 epistola
1136 2390 1290 2418 subditicia
1318 2391 1354 2416 ad
1374 2389 1525 2418 Octavium
1552 2389 1695 2425 geminum
1721 2388 1880 2425 exemplum
1905 2388 2045 2416 inveninse

251 2449 358 2482 jactat:
394 2446 534 2473 conuulem
554 2444 735 2481 desiquatum
754 2453 865 2469 rursum
885 2442 1026 2470 inclusum
1052 2452 1105 2473 eo,
1134 2444 1184 2469 ubi
1209 2453 1238 2470 se
1257 2453 1314 2470 non
1336 2444 1481 2469 moenibus
1500 2441 1549 2468 sed
1564 2442 1734 2477 fluminibus
1752 2446 1780 2467 et
1798 2441 1939 2467 montibus
1959 2446 2044 2468 tuere-

255 2504 319 2528 tur;
348 2501 377 2522 at
397 2506 454 2522 non
474 2497 544 2522 vidit
567 2495 711 2521 includere
731 2495 816 2521 etiam
837 2503 900 2521 cum
923 2494 987 2520 loco
1008 2494 1037 2518 in
1060 2502 1140 2528 quem
1160 2495 1224 2529 quis
1245 2494 1373 2520 includat
1394 2493 1541 2524 construi,
1568 2496 1600 2519 ut
1625 2494 1655 2518 ίη
1675 2491 1818 2519 custodias
1837 2492 1918 2519 Verr.
1939 2492 1974 2519 V.
1998 2494 2043 2524 55,

255 2551 283 2576 in
304 2548 467 2584 epistolam,
490 2549 546 2574 Ait.
571 2547 593 2573 l.
620 2546 653 2573 16
677 2550 732 2573 etc.
