<?xml version="1.0" encoding="UTF-8"?>
<!DOCTYPE html PUBLIC "-//W3C//DTD XHTML 1.0 Transitional//EN"
    "http://www.w3.org/TR/xhtml1/DTD/xhtml1-transitional.dtd">
<html xmlns="http://www.w3.org/1999/xhtml" xml:lang="en" lang="en">
 <head>
  <title>
</title>
<meta http-equiv="Content-Type" content="text/html;charset=utf-8" />
  <meta name='ocr-system' content='tesseract 3.04.00' />
  <meta name='ocr-capabilities' content='ocr_page ocr_carea ocr_par ocr_line ocrx_word'/>
</head>
<body>
  <div class='ocr_page' id='page_1' title='image "./4624102_0014.png"; bbox 0 0 2308 2908; ppageno 0'>
   <div class='ocr_carea' id='block_1_1' title="bbox 1136 174 1174 218">
    <p class='ocr_par' dir='ltr' id='par_1_1' title="bbox 1136 174 1174 218">
     <span class='ocr_line' id='line_1_1' title="bbox 1136 174 1174 218; baseline 0 0"><span class='ocrx_word' id='word_1_1' title='bbox 1136 174 1174 218; x_wconf 79' lang='lat' dir='ltr'>S</span> 
     </span>
    </p>
   </div>
   <div class='ocr_carea' id='block_1_2' title="bbox 255 284 2064 1013">
    <p class='ocr_par' dir='ltr' id='par_1_2' title="bbox 255 284 2064 1013">
     <span class='ocr_line' id='line_1_2' title="bbox 257 284 2063 338; baseline 0 -8"><span class='ocrx_word' id='word_1_2' title='bbox 257 290 478 330; x_wconf 69' lang='lat' dir='ltr'><strong>Mar-blando</strong></span> <span class='ocrx_word' id='word_1_3' title='bbox 505 302 612 335; x_wconf 80' lang='lat' dir='ltr'><strong>vero,</strong></span> <span class='ocrx_word' id='word_1_4' title='bbox 643 289 705 338; x_wconf 89' lang='lat' dir='ltr'><strong>qui</strong></span> <span class='ocrx_word' id='word_1_5' title='bbox 731 286 965 323; x_wconf 78' lang='lat' dir='ltr'><strong>Latinitatem</strong></span> <span class='ocrx_word' id='word_1_6' title='bbox 992 286 1151 322; x_wconf 81' lang='lat' dir='ltr'>maxime</span> <span class='ocrx_word' id='word_1_7' title='bbox 1178 284 1422 322; x_wconf 81' lang='lat' dir='ltr'><strong>calumniatus</strong></span> <span class='ocrx_word' id='word_1_8' title='bbox 1451 292 1528 334; x_wconf 88' lang='lat' dir='ltr'><strong>est,</strong></span> <span class='ocrx_word' id='word_1_9' title='bbox 1559 287 1597 323; x_wconf 88' lang='lat' dir='ltr'><strong>iu</strong></span> <span class='ocrx_word' id='word_1_10' title='bbox 1625 285 1812 338; x_wconf 84' lang='lat' dir='ltr'><strong>plerisque</strong></span> <span class='ocrx_word' id='word_1_11' title='bbox 1838 291 1887 327; x_wconf 87' lang='lat' dir='ltr'><strong>ita</strong></span> <span class='ocrx_word' id='word_1_12' title='bbox 1917 293 2063 329; x_wconf 86' lang='lat' dir='ltr'><strong>occurri</strong></span> 
     </span>
     <span class='ocr_line' id='line_1_3' title="bbox 259 350 2063 412; baseline -0.001 -14"><span class='ocrx_word' id='word_1_13' title='bbox 259 365 400 412; x_wconf 85' lang='lat' dir='ltr'><strong>potest,</strong></span> <span class='ocrx_word' id='word_1_14' title='bbox 439 363 478 394; x_wconf 91' lang='lat' dir='ltr'><strong>ut</strong></span> <span class='ocrx_word' id='word_1_15' title='bbox 510 356 627 407; x_wconf 88' lang='lat' dir='ltr'><strong>primo</strong></span> <span class='ocrx_word' id='word_1_16' title='bbox 655 354 776 392; x_wconf 86' lang='lat' dir='ltr'><strong>statim</strong></span> <span class='ocrx_word' id='word_1_17' title='bbox 803 351 980 404; x_wconf 85' lang='lat' dir='ltr'><strong>adspectu</strong></span> <span class='ocrx_word' id='word_1_18' title='bbox 1011 365 1094 391; x_wconf 91' lang='lat' dir='ltr'><strong>eum</strong></span> <span class='ocrx_word' id='word_1_19' title='bbox 1125 350 1462 404; x_wconf 87' lang='lat' dir='ltr'><strong>deprehendamus,</strong></span> <span class='ocrx_word' id='word_1_20' title='bbox 1499 366 1609 405; x_wconf 90' lang='lat' dir='ltr'><strong>quem</strong></span> <span class='ocrx_word' id='word_1_21' title='bbox 1630 352 1710 407; x_wconf 88' lang='lat' dir='ltr'><strong>jam</strong></span> <span class='ocrx_word' id='word_1_22' title='bbox 1737 355 1908 408; x_wconf 76' lang='lat' dir='ltr'><strong>aequales</strong></span> <span class='ocrx_word' id='word_1_23' title='bbox 1939 359 2063 396; x_wconf 86' lang='lat' dir='ltr'><strong>existi-</strong></span> 
     </span>
     <span class='ocr_line' id='line_1_4' title="bbox 260 419 2061 475; baseline -0.001 -11"><span class='ocrx_word' id='word_1_24' title='bbox 260 430 448 464; x_wconf 79' lang='lat' dir='ltr'><strong>maverunt</strong></span> <span class='ocrx_word' id='word_1_25' title='bbox 477 422 717 474; x_wconf 78' lang='lat' dir='ltr'><strong>intelliqendo</strong></span> <span class='ocrx_word' id='word_1_26' title='bbox 747 421 882 474; x_wconf 68' lang='lat' dir='ltr'><strong>fecisse</strong></span> <span class='ocrx_word' id='word_1_27' title='bbox 909 428 951 460; x_wconf 84' lang='lat' dir='ltr'><strong>ut</strong></span> <span class='ocrx_word' id='word_1_28' title='bbox 976 421 1077 459; x_wconf 78' lang='lat' dir='ltr'><strong>m&#39;ln&#39;l</strong></span> <span class='ocrx_word' id='word_1_29' title='bbox 1100 419 1423 472; x_wconf 63' lang='lat' dir='ltr'><strong>intelligeret18);</strong></span> <span class='ocrx_word' id='word_1_30' title='bbox 1464 421 1565 473; x_wconf 89' lang='lat' dir='ltr'><strong>quod</strong></span> <span class='ocrx_word' id='word_1_31' title='bbox 1593 436 1708 474; x_wconf 88' lang='lat' dir='ltr'><strong>quum</strong></span> <span class='ocrx_word' id='word_1_32' title='bbox 1736 430 1922 475; x_wconf 83' lang='lat' dir='ltr'><strong>praeterea</strong></span> <span class='ocrx_word' id='word_1_33' title='bbox 1947 423 2061 463; x_wconf 87' lang='lat' dir='ltr'><strong>histo·</strong></span> 
     </span>
     <span class='ocr_line' id='line_1_5' title="bbox 259 487 2063 542; baseline -0.001 -11"><span class='ocrx_word' id='word_1_34' title='bbox 259 494 347 531; x_wconf 86' lang='lat' dir='ltr'><strong>ricis</strong></span> <span class='ocrx_word' id='word_1_35' title='bbox 370 490 555 529; x_wconf 88' lang='lat' dir='ltr'><strong>Tunstalli</strong></span> <span class='ocrx_word' id='word_1_36' title='bbox 582 487 876 527; x_wconf 77' lang='lat' dir='ltr'><strong>cavillationibus</strong></span> <span class='ocrx_word' id='word_1_37' title='bbox 901 489 1020 540; x_wconf 81' lang='lat' dir='ltr'><strong>aliqua</strong></span> <span class='ocrx_word' id='word_1_38' title='bbox 1048 494 1144 526; x_wconf 87' lang='lat' dir='ltr'><strong>certe</strong></span> <span class='ocrx_word' id='word_1_39' title='bbox 1172 493 1278 526; x_wconf 86' lang='lat' dir='ltr'><strong>tenus</strong></span> <span class='ocrx_word' id='word_1_40' title='bbox 1302 501 1324 525; x_wconf 85' lang='lat' dir='ltr'><strong>a</strong></span> <span class='ocrx_word' id='word_1_41' title='bbox 1343 488 1574 527; x_wconf 87' lang='lat' dir='ltr'><strong>Middletone</strong></span> <span class='ocrx_word' id='word_1_42' title='bbox 1600 503 1818 542; x_wconf 84' lang='lat' dir='ltr'><strong>responsum</strong></span> <span class='ocrx_word' id='word_1_43' title='bbox 1845 499 1955 540; x_wconf 89' lang='lat' dir='ltr'><strong>esset,</strong></span> <span class='ocrx_word' id='word_1_44' title='bbox 1986 505 2063 530; x_wconf 89' lang='lat' dir='ltr'><strong>ser-</strong></span> 
     </span>
     <span class='ocr_line' id='line_1_6' title="bbox 260 554 2061 611; baseline 0.001 -14"><span class='ocrx_word' id='word_1_45' title='bbox 260 561 376 598; x_wconf 88' lang='lat' dir='ltr'><strong>monis</strong></span> <span class='ocrx_word' id='word_1_46' title='bbox 405 565 526 596; x_wconf 82' lang='lat' dir='ltr'><strong>autem</strong></span> <span class='ocrx_word' id='word_1_47' title='bbox 559 569 731 603; x_wconf 86' lang='lat' dir='ltr'><strong>causam,</strong></span> <span class='ocrx_word' id='word_1_48' title='bbox 771 556 831 593; x_wconf 89' lang='lat' dir='ltr'><strong>cui</strong></span> <span class='ocrx_word' id='word_1_49' title='bbox 854 569 920 593; x_wconf 88' lang='lat' dir='ltr'><strong>nos</strong></span> <span class='ocrx_word' id='word_1_50' title='bbox 946 554 1122 606; x_wconf 77' lang='lat' dir='ltr'><strong>philologi</strong></span> <span class='ocrx_word' id='word_1_51' title='bbox 1150 554 1350 606; x_wconf 84' lang='lat' dir='ltr'><strong>plurimum</strong></span> <span class='ocrx_word' id='word_1_52' title='bbox 1377 556 1592 605; x_wconf 80' lang='lat' dir='ltr'><strong>tribuimus,</strong></span> <span class='ocrx_word' id='word_1_53' title='bbox 1629 571 1739 596; x_wconf 87' lang='lat' dir='ltr'><strong>nemo</strong></span> <span class='ocrx_word' id='word_1_54' title='bbox 1763 558 1885 597; x_wconf 88' lang='lat' dir='ltr'><strong>adhuc</strong></span> <span class='ocrx_word' id='word_1_55' title='bbox 1913 561 2061 611; x_wconf 76' lang='lat' dir='ltr'><strong>egisset,</strong></span> 
     </span>
     <span class='ocr_line' id='line_1_7' title="bbox 258 622 2062 676; baseline 0.001 -13"><span class='ocrx_word' id='word_1_56' title='bbox 258 640 331 664; x_wconf 91' lang='lat' dir='ltr'><strong>non</strong></span> <span class='ocrx_word' id='word_1_57' title='bbox 359 626 455 663; x_wconf 84' lang='lat' dir='ltr'><strong>meis</strong></span> <span class='ocrx_word' id='word_1_58' title='bbox 484 624 601 676; x_wconf 85' lang='lat' dir='ltr'><strong>magis</strong></span> <span class='ocrx_word' id='word_1_59' title='bbox 628 622 832 661; x_wconf 88' lang='lat' dir='ltr'><strong>rationibus</strong></span> <span class='ocrx_word' id='word_1_60' title='bbox 859 635 968 673; x_wconf 80' lang='lat' dir='ltr'><strong>quam</strong></span> <span class='ocrx_word' id='word_1_61' title='bbox 995 622 1065 672; x_wconf 86' lang='lat' dir='ltr'><strong>ipsi</strong></span> <span class='ocrx_word' id='word_1_62' title='bbox 1091 623 1296 672; x_wconf 87' lang='lat' dir='ltr'><strong>quaestioni</strong></span> <span class='ocrx_word' id='word_1_63' title='bbox 1322 624 1708 663; x_wconf 88' lang='lat' dir='ltr'><strong>convenientissimum</strong></span> <span class='ocrx_word' id='word_1_64' title='bbox 1736 625 1816 664; x_wconf 83' lang='lat' dir='ltr'><strong>fore</strong></span> <span class='ocrx_word' id='word_1_65' title='bbox 1844 626 2062 674; x_wconf 83' lang='lat' dir='ltr'><strong>arbitrabar,</strong></span> 
     </span>
     <span class='ocr_line' id='line_1_8' title="bbox 257 688 2064 743; baseline 0.001 -13"><span class='ocrx_word' id='word_1_66' title='bbox 257 694 288 730; x_wconf 94' lang='lat' dir='ltr'><strong>si</strong></span> <span class='ocrx_word' id='word_1_67' title='bbox 314 691 524 729; x_wconf 85' lang='lat' dir='ltr'><strong>Latinitatis</strong></span> <span class='ocrx_word' id='word_1_68' title='bbox 552 690 728 728; x_wconf 85' lang='lat' dir='ltr'><strong>vindicias</strong></span> <span class='ocrx_word' id='word_1_69' title='bbox 759 691 824 728; x_wconf 89' lang='lat' dir='ltr'><strong>toti</strong></span> <span class='ocrx_word' id='word_1_70' title='bbox 851 688 1087 740; x_wconf 81' lang='lat' dir='ltr'><strong>disputationi</strong></span> <span class='ocrx_word' id='word_1_71' title='bbox 1115 689 1216 727; x_wconf 83' lang='lat' dir='ltr'><strong>velut</strong></span> <span class='ocrx_word' id='word_1_72' title='bbox 1248 703 1317 741; x_wconf 89' lang='lat' dir='ltr'><strong>pro</strong></span> <span class='ocrx_word' id='word_1_73' title='bbox 1344 690 1583 730; x_wconf 81' lang='lat' dir='ltr'><strong>fundamento</strong></span> <span class='ocrx_word' id='word_1_74' title='bbox 1609 693 1892 743; x_wconf 81' lang='lat' dir='ltr'><strong>praemisissem.</strong></span> <span class='ocrx_word' id='word_1_75' title='bbox 1951 695 2064 732; x_wconf 88' lang='lat' dir='ltr'><strong>Hanc</strong></span> 
     </span>
     <span class='ocr_line' id='line_1_9' title="bbox 256 757 2064 814; baseline 0.002 -17"><span class='ocrx_word' id='word_1_76' title='bbox 256 760 366 811; x_wconf 82' lang='lat' dir='ltr'><strong>igitur</strong></span> <span class='ocrx_word' id='word_1_77' title='bbox 402 758 601 797; x_wconf 86' lang='lat' dir='ltr'><strong>destinatae</strong></span> <span class='ocrx_word' id='word_1_78' title='bbox 634 772 767 797; x_wconf 88' lang='lat' dir='ltr'><strong>coenae</strong></span> <span class='ocrx_word' id='word_1_79' title='bbox 801 757 904 810; x_wconf 89' lang='lat' dir='ltr'><strong>quasi</strong></span> <span class='ocrx_word' id='word_1_80' title='bbox 938 758 1183 810; x_wconf 85' lang='lat' dir='ltr'><strong>gustationem</strong></span> <span class='ocrx_word' id='word_1_81' title='bbox 1211 757 1372 810; x_wconf 86' lang='lat' dir='ltr'><strong>aliquam</strong></span> <span class='ocrx_word' id='word_1_82' title='bbox 1410 772 1510 797; x_wconf 91' lang='lat' dir='ltr'><strong>nunc</strong></span> <span class='ocrx_word' id='word_1_83' title='bbox 1545 759 1695 811; x_wconf 90' lang='lat' dir='ltr'><strong>quidem</strong></span> <span class='ocrx_word' id='word_1_84' title='bbox 1731 759 1900 814; x_wconf 75' lang='lat' dir='ltr'><strong>benignis</strong></span> <span class='ocrx_word' id='word_1_85' title='bbox 1935 763 2064 801; x_wconf 88' lang='lat' dir='ltr'><strong>animis</strong></span> 
     </span>
     <span class='ocr_line' id='line_1_10' title="bbox 255 824 2063 881; baseline 0.002 -17"><span class='ocrx_word' id='word_1_86' title='bbox 255 827 427 877; x_wconf 84' lang='lat' dir='ltr'><strong>accipite,</strong></span> <span class='ocrx_word' id='word_1_87' title='bbox 458 826 541 864; x_wconf 82' lang='lat' dir='ltr'><strong>Viri</strong></span> <span class='ocrx_word' id='word_1_88' title='bbox 563 826 825 874; x_wconf 82' lang='lat' dir='ltr'><strong>Illustrissimi3</strong></span> <span class='ocrx_word' id='word_1_89' title='bbox 857 824 903 863; x_wconf 90' lang='lat' dir='ltr'><strong>de</strong></span> <span class='ocrx_word' id='word_1_90' title='bbox 926 824 1092 877; x_wconf 84' lang='lat' dir='ltr'><strong>reliquis,</strong></span> <span class='ocrx_word' id='word_1_91' title='bbox 1121 825 1290 877; x_wconf 83' lang='lat' dir='ltr'><strong>quamvis</strong></span> <span class='ocrx_word' id='word_1_92' title='bbox 1318 827 1508 864; x_wconf 90' lang='lat' dir='ltr'><strong>nominum</strong></span> <span class='ocrx_word' id='word_1_93' title='bbox 1531 827 1748 866; x_wconf 82' lang='lat' dir='ltr'><strong>Vestrorum</strong></span> <span class='ocrx_word' id='word_1_94' title='bbox 1776 830 2063 881; x_wconf 82' lang='lat' dir='ltr'><strong>praescriptione</strong></span> 
     </span>
     <span class='ocr_line' id='line_1_11' title="bbox 256 892 2062 948; baseline 0.001 -16"><span class='ocrx_word' id='word_1_95' title='bbox 256 894 456 945; x_wconf 80' lang='lat' dir='ltr'><strong>gloriatura</strong></span> <span class='ocrx_word' id='word_1_96' title='bbox 484 907 556 931; x_wconf 93' lang='lat' dir='ltr'><strong>non</strong></span> <span class='ocrx_word' id='word_1_97' title='bbox 583 896 678 941; x_wconf 86' lang='lat' dir='ltr'><strong>sint,</strong></span> <span class='ocrx_word' id='word_1_98' title='bbox 719 895 773 931; x_wconf 91' lang='lat' dir='ltr'><strong>sic</strong></span> <span class='ocrx_word' id='word_1_99' title='bbox 797 900 919 930; x_wconf 89' lang='lat' dir='ltr'><strong>tamen</strong></span> <span class='ocrx_word' id='word_1_100' title='bbox 943 892 1099 941; x_wconf 87' lang='lat' dir='ltr'><strong>habete,</strong></span> <span class='ocrx_word' id='word_1_101' title='bbox 1143 907 1202 932; x_wconf 91' lang='lat' dir='ltr'><strong>me</strong></span> <span class='ocrx_word' id='word_1_102' title='bbox 1227 907 1417 946; x_wconf 81' lang='lat' dir='ltr'><strong>nunquam</strong></span> <span class='ocrx_word' id='word_1_103' title='bbox 1445 894 1645 933; x_wconf 86' lang='lat' dir='ltr'><strong>obliturum</strong></span> <span class='ocrx_word' id='word_1_104' title='bbox 1678 895 1741 933; x_wconf 87' lang='lat' dir='ltr'><strong>illa</strong></span> <span class='ocrx_word' id='word_1_105' title='bbox 1769 910 1918 948; x_wconf 88' lang='lat' dir='ltr'><strong>quoque</strong></span> <span class='ocrx_word' id='word_1_106' title='bbox 1942 897 2062 936; x_wconf 83' lang='lat' dir='ltr'><strong>Vobis</strong></span> 
     </span>
     <span class='ocr_line' id='line_1_12' title="bbox 256 959 1005 1013; baseline -0.003 -13"><span class='ocrx_word' id='word_1_107' title='bbox 256 968 292 1000; x_wconf 87' lang='lat' dir='ltr'><strong>et</strong></span> <span class='ocrx_word' id='word_1_108' title='bbox 318 960 578 1013; x_wconf 82' lang='lat' dir='ltr'><strong>spectatoribus</strong></span> <span class='ocrx_word' id='word_1_109' title='bbox 603 967 641 999; x_wconf 90' lang='lat' dir='ltr'><strong>et</strong></span> <span class='ocrx_word' id='word_1_110' title='bbox 662 959 849 1012; x_wconf 86' lang='lat' dir='ltr'><strong>judicibus</strong></span> <span class='ocrx_word' id='word_1_111' title='bbox 876 959 1005 998; x_wconf 85' lang='lat' dir='ltr'><strong>scribi.</strong></span> 
     </span>
    </p>
   </div>
   <div class='ocr_carea' id='block_1_3' title="bbox 251 1083 2062 1743">
    <p class='ocr_par' dir='ltr' id='par_1_3' title="bbox 251 1083 2062 1743">
     <span class='ocr_line' id='line_1_13' title="bbox 313 1083 2060 1123; baseline 0.001 -12"><span class='ocrx_word' id='word_1_112' title='bbox 313 1085 359 1118; x_wconf 84' lang='lat'><strong>18)</strong></span> <span class='ocrx_word' id='word_1_113' title='bbox 382 1085 486 1112; x_wconf 85' lang='lat' dir='ltr'><strong>Hurdii</strong></span> <span class='ocrx_word' id='word_1_114' title='bbox 509 1083 594 1111; x_wconf 77' lang='lat' dir='ltr'><strong>verba</strong></span> <span class='ocrx_word' id='word_1_115' title='bbox 614 1087 682 1111; x_wconf 81' lang='lat' dir='ltr'><strong>sunt</strong></span> <span class='ocrx_word' id='word_1_116' title='bbox 703 1083 807 1111; x_wconf 82' lang='lat' dir='ltr'><strong>Works</strong></span> <span class='ocrx_word' id='word_1_117' title='bbox 835 1084 870 1111; x_wconf 90' lang='lat' dir='ltr'><strong>T.</strong></span> <span class='ocrx_word' id='word_1_118' title='bbox 892 1084 946 1117; x_wconf 88' lang='lat' dir='ltr'><strong>1v,</strong></span> <span class='ocrx_word' id='word_1_119' title='bbox 972 1094 1003 1121; x_wconf 81' lang='lat' dir='ltr'><strong>p.</strong></span> <span class='ocrx_word' id='word_1_120' title='bbox 1025 1084 1101 1116; x_wconf 78' lang='lat'><strong>289,</strong></span> <span class='ocrx_word' id='word_1_121' title='bbox 1130 1084 1303 1121; x_wconf 75' lang='lat' dir='ltr'><strong>quibuscum</strong></span> <span class='ocrx_word' id='word_1_122' title='bbox 1324 1086 1468 1113; x_wconf 76' lang='lat' dir='ltr'><strong>consentit</strong></span> <span class='ocrx_word' id='word_1_123' title='bbox 1489 1085 1704 1122; x_wconf 71' lang='lat' dir='ltr'><strong>Wyttenbacbii</strong></span> <span class='ocrx_word' id='word_1_124' title='bbox 1723 1087 1869 1123; x_wconf 81' lang='lat' dir='ltr'><strong>judicium</strong></span> <span class='ocrx_word' id='word_1_125' title='bbox 1897 1087 1972 1114; x_wconf 89' lang='lat' dir='ltr'><strong>Bibl.</strong></span> <span class='ocrx_word' id='word_1_126' title='bbox 1995 1088 2060 1115; x_wconf 82' lang='lat' dir='ltr'><strong>crit.</strong></span> 
     </span>
     <span class='ocr_line' id='line_1_14' title="bbox 253 1134 2062 1175; baseline 0.002 -14"><span class='ocrx_word' id='word_1_127' title='bbox 253 1138 285 1162; x_wconf 79' lang='lat' dir='ltr'><strong>T.</strong></span> <span class='ocrx_word' id='word_1_128' title='bbox 309 1137 333 1167; x_wconf 88' lang='lat'><strong>1,</strong></span> <span class='ocrx_word' id='word_1_129' title='bbox 357 1137 389 1162; x_wconf 83' lang='lat' dir='ltr'><strong>P.</strong></span> <span class='ocrx_word' id='word_1_130' title='bbox 408 1135 437 1167; x_wconf 84' lang='lat'><strong>3,</strong></span> <span class='ocrx_word' id='word_1_131' title='bbox 457 1145 486 1172; x_wconf 87' lang='lat' dir='ltr'><strong>p.</strong></span> <span class='ocrx_word' id='word_1_132' title='bbox 508 1135 556 1167; x_wconf 81' lang='lat'><strong>39,</strong></span> <span class='ocrx_word' id='word_1_133' title='bbox 589 1135 639 1161; x_wconf 89' lang='lat' dir='ltr'><strong>ubi</strong></span> <span class='ocrx_word' id='word_1_134' title='bbox 667 1134 868 1162; x_wconf 71' lang='lat' dir='ltr'><strong>Marklandum</strong></span> <span class='ocrx_word' id='word_1_135' title='bbox 895 1144 960 1162; x_wconf 77' lang='lat' dir='ltr'><strong>curn</strong></span> <span class='ocrx_word' id='word_1_136' title='bbox 987 1135 1100 1171; x_wconf 86' lang='lat' dir='ltr'><strong>Toupio</strong></span> <span class='ocrx_word' id='word_1_137' title='bbox 1121 1143 1290 1172; x_wconf 74' lang='lat' dir='ltr'><strong>comparans</strong></span> <span class='ocrx_word' id='word_1_138' title='bbox 1310 1136 1394 1163; x_wconf 80' lang='lat' dir='ltr'><strong>illum</strong></span> <span class='ocrx_word' id='word_1_139' title='bbox 1414 1138 1526 1163; x_wconf 69' lang='lat' dir='ltr'><strong>ratione</strong></span> <span class='ocrx_word' id='word_1_140' title='bbox 1547 1137 1623 1164; x_wconf 74' lang='lat' dir='ltr'><strong>hunc</strong></span> <span class='ocrx_word' id='word_1_141' title='bbox 1643 1138 1759 1175; x_wconf 66' lang='lat' dir='ltr'><strong>ingenio</strong></span> <span class='ocrx_word' id='word_1_142' title='bbox 1780 1139 1908 1165; x_wconf 74' lang='lat' dir='ltr'><strong>criticam</strong></span> <span class='ocrx_word' id='word_1_143' title='bbox 1925 1138 2062 1174; x_wconf 76' lang='lat' dir='ltr'><strong>factitare</strong></span> 
     </span>
     <span class='ocr_line' id='line_1_15' title="bbox 253 1186 2060 1227; baseline 0.002 -13"><span class='ocrx_word' id='word_1_144' title='bbox 253 1189 334 1214; x_wconf 84' lang='lat' dir='ltr'><strong>dixit.</strong></span> <span class='ocrx_word' id='word_1_145' title='bbox 375 1188 467 1214; x_wconf 88' lang='lat' dir='ltr'><strong>Pluris</strong></span> <span class='ocrx_word' id='word_1_146' title='bbox 487 1196 550 1214; x_wconf 88' lang='lat' dir='ltr'><strong>eum</strong></span> <span class='ocrx_word' id='word_1_147' title='bbox 570 1187 641 1214; x_wconf 75' lang='lat' dir='ltr'><strong>feeit</strong></span> <span class='ocrx_word' id='word_1_148' title='bbox 659 1186 802 1220; x_wconf 82' lang='lat' dir='ltr'><strong>Wolfius,</strong></span> <span class='ocrx_word' id='word_1_149' title='bbox 831 1188 881 1224; x_wconf 82' lang='lat' dir='ltr'><strong>qui</strong></span> <span class='ocrx_word' id='word_1_150' title='bbox 902 1197 960 1215; x_wconf 89' lang='lat' dir='ltr'><strong>non</strong></span> <span class='ocrx_word' id='word_1_151' title='bbox 980 1188 1074 1215; x_wconf 74' lang='lat' dir='ltr'><strong>nolum</strong></span> <span class='ocrx_word' id='word_1_152' title='bbox 1093 1189 1130 1215; x_wconf 79' lang='lat' dir='ltr'><strong>ad</strong></span> <span class='ocrx_word' id='word_1_153' title='bbox 1151 1187 1246 1214; x_wconf 80' lang='lat' dir='ltr'><strong>Orntt.</strong></span> <span class='ocrx_word' id='word_1_154' title='bbox 1270 1187 1323 1220; x_wconf 86' lang='lat' dir='ltr'><strong>lv,</strong></span> <span class='ocrx_word' id='word_1_155' title='bbox 1351 1197 1382 1224; x_wconf 87' lang='lat' dir='ltr'><strong>p.</strong></span> <span class='ocrx_word' id='word_1_156' title='bbox 1403 1198 1452 1214; x_wconf 73' lang='lat' dir='ltr'><strong>vin</strong></span> <span class='ocrx_word' id='word_1_157' title='bbox 1478 1189 1610 1227; x_wconf 71' lang='lat' dir='ltr'><strong>Bentlejr&#39;</strong></span> <span class='ocrx_word' id='word_1_158' title='bbox 1626 1190 1752 1227; x_wconf 72' lang='lat' dir='ltr'><strong>qlon&#39;am</strong></span> <span class='ocrx_word' id='word_1_159' title='bbox 1773 1199 1939 1227; x_wconf 76' lang='lat' dir='ltr'><strong>quanquam</strong></span> <span class='ocrx_word' id='word_1_160' title='bbox 1959 1191 2060 1227; x_wconf 73' lang='lat' dir='ltr'><strong>aliquo</strong></span> 
     </span>
     <span class='ocr_line' id='line_1_16' title="bbox 253 1239 2061 1278; baseline 0.001 -12"><span class='ocrx_word' id='word_1_161' title='bbox 253 1240 402 1267; x_wconf 76' lang='lat' dir='ltr'><strong>inter-vallo</strong></span> <span class='ocrx_word' id='word_1_162' title='bbox 427 1240 556 1276; x_wconf 76' lang='lat' dir='ltr'><strong>proxime</strong></span> <span class='ocrx_word' id='word_1_163' title='bbox 583 1239 759 1266; x_wconf 75' lang='lat' dir='ltr'><strong>aemulatum</strong></span> <span class='ocrx_word' id='word_1_164' title='bbox 783 1248 842 1265; x_wconf 75' lang='lat' dir='ltr'><strong>esse</strong></span> <span class='ocrx_word' id='word_1_165' title='bbox 864 1239 1027 1276; x_wconf 79' lang='lat' dir='ltr'><strong>judicavit,</strong></span> <span class='ocrx_word' id='word_1_166' title='bbox 1064 1240 1116 1267; x_wconf 76' lang='lat' dir='ltr'><strong>sed</strong></span> <span class='ocrx_word' id='word_1_167' title='bbox 1139 1240 1225 1266; x_wconf 76' lang='lat' dir='ltr'><strong>etiarn</strong></span> <span class='ocrx_word' id='word_1_168' title='bbox 1253 1240 1320 1266; x_wconf 71' lang='lat' dir='ltr'><strong>data</strong></span> <span class='ocrx_word' id='word_1_169' title='bbox 1346 1248 1434 1276; x_wconf 73' lang='lat' dir='ltr'><strong>opera</strong></span> <span class='ocrx_word' id='word_1_170' title='bbox 1462 1241 1549 1268; x_wconf 71' lang='lat' dir='ltr'><strong>vitam</strong></span> <span class='ocrx_word' id='word_1_171' title='bbox 1577 1241 1641 1278; x_wconf 75' lang='lat' dir='ltr'><strong>ejus</strong></span> <span class='ocrx_word' id='word_1_172' title='bbox 1670 1242 1823 1278; x_wconf 75' lang='lat' dir='ltr'><strong>descripsit</strong></span> <span class='ocrx_word' id='word_1_173' title='bbox 1849 1242 1930 1268; x_wconf 76' lang='lat' dir='ltr'><strong>Anal.</strong></span> <span class='ocrx_word' id='word_1_174' title='bbox 1962 1242 1996 1268; x_wconf 87' lang='lat' dir='ltr'><strong>T.</strong></span> <span class='ocrx_word' id='word_1_175' title='bbox 2020 1242 2061 1273; x_wconf 89' lang='grc' dir='ltr'><strong>ΙΙ,</strong></span> 
     </span>
     <span class='ocr_line' id='line_1_17' title="bbox 252 1291 2059 1329; baseline 0.001 -11"><span class='ocrx_word' id='word_1_176' title='bbox 252 1302 282 1327; x_wconf 89' lang='lat' dir='ltr'><strong>p.</strong></span> <span class='ocrx_word' id='word_1_177' title='bbox 304 1291 356 1318; x_wconf 87' lang='grc'><strong>370</strong></span> <span class='ocrx_word' id='word_1_178' title='bbox 378 1300 460 1327; x_wconf 82' lang='lat' dir='ltr'><strong>sqq.;</strong></span> <span class='ocrx_word' id='word_1_179' title='bbox 489 1292 551 1327; x_wconf 87' lang='lat' dir='ltr'><strong>ipse</strong></span> <span class='ocrx_word' id='word_1_180' title='bbox 577 1295 671 1318; x_wconf 74' lang='lat' dir='ltr'><strong>tamen</strong></span> <span class='ocrx_word' id='word_1_181' title='bbox 699 1291 850 1327; x_wconf 80' lang='lat' dir='ltr'><strong>Bentlejus</strong></span> <span class='ocrx_word' id='word_1_182' title='bbox 872 1300 937 1318; x_wconf 85' lang='lat' dir='ltr'><strong>eum</strong></span> <span class='ocrx_word' id='word_1_183' title='bbox 964 1300 1111 1327; x_wconf 80' lang='lat' dir='ltr'><strong>nunquam</strong></span> <span class='ocrx_word' id='word_1_184' title='bbox 1137 1292 1234 1327; x_wconf 82' lang='lat' dir='ltr'><strong>magui</strong></span> <span class='ocrx_word' id='word_1_185' title='bbox 1259 1292 1363 1319; x_wconf 73' lang='lat' dir='ltr'><strong>fecisse</strong></span> <span class='ocrx_word' id='word_1_186' title='bbox 1384 1293 1513 1324; x_wconf 82' lang='lat' dir='ltr'><strong>videtur,</strong></span> <span class='ocrx_word' id='word_1_187' title='bbox 1544 1302 1597 1320; x_wconf 82' lang='lat' dir='ltr'><strong>nec</strong></span> <span class='ocrx_word' id='word_1_188' title='bbox 1614 1294 1746 1329; x_wconf 76' lang='lat' dir='ltr'><strong>profecto</strong></span> <span class='ocrx_word' id='word_1_189' title='bbox 1767 1297 1810 1321; x_wconf 73' lang='lat' dir='ltr'><strong>est</strong></span> <span class='ocrx_word' id='word_1_190' title='bbox 1828 1302 1880 1321; x_wconf 86' lang='lat' dir='ltr'><strong>cur</strong></span> <span class='ocrx_word' id='word_1_191' title='bbox 1900 1295 1964 1329; x_wconf 74' lang='lat' dir='ltr'><strong>ejus</strong></span> <span class='ocrx_word' id='word_1_192' title='bbox 1981 1295 2059 1329; x_wconf 82' lang='lat' dir='ltr'><strong>judi·</strong></span> 
     </span>
     <span class='ocr_line' id='line_1_18' title="bbox 254 1342 2060 1380; baseline 0.001 -11"><span class='ocrx_word' id='word_1_193' title='bbox 254 1344 329 1370; x_wconf 85' lang='lat' dir='ltr'><strong>cium</strong></span> <span class='ocrx_word' id='word_1_194' title='bbox 351 1344 380 1369; x_wconf 93' lang='lat' dir='ltr'><strong>in</strong></span> <span class='ocrx_word' id='word_1_195' title='bbox 399 1342 442 1369; x_wconf 88' lang='lat' dir='ltr'><strong>bis</strong></span> <span class='ocrx_word' id='word_1_196' title='bbox 464 1342 556 1369; x_wconf 87' lang='lat' dir='ltr'><strong>literis</strong></span> <span class='ocrx_word' id='word_1_197' title='bbox 574 1347 668 1370; x_wconf 83' lang='lat' dir='ltr'><strong>ratum</strong></span> <span class='ocrx_word' id='word_1_198' title='bbox 687 1342 863 1374; x_wconf 73' lang='lat' dir='ltr'><strong>babeamus,</strong></span> <span class='ocrx_word' id='word_1_199' title='bbox 889 1350 973 1378; x_wconf 87' lang='lat' dir='ltr'><strong>quem</strong></span> <span class='ocrx_word' id='word_1_200' title='bbox 993 1342 1152 1369; x_wconf 76' lang='lat' dir='ltr'><strong>secuudum</strong></span> <span class='ocrx_word' id='word_1_201' title='bbox 1175 1351 1227 1375; x_wconf 82' lang='lat' dir='ltr'><strong>ea,</strong></span> <span class='ocrx_word' id='word_1_202' title='bbox 1254 1352 1327 1379; x_wconf 83' lang='lat' dir='ltr'><strong>quae</strong></span> <span class='ocrx_word' id='word_1_203' title='bbox 1348 1343 1425 1379; x_wconf 75' lang='lat' dir='ltr'><strong>apud</strong></span> <span class='ocrx_word' id='word_1_204' title='bbox 1443 1343 1581 1370; x_wconf 78' lang='lat' dir='ltr'><strong>Wolfium</strong></span> <span class='ocrx_word' id='word_1_205' title='bbox 1601 1344 1755 1379; x_wconf 79' lang='lat' dir='ltr'><strong>leguntur,</strong></span> <span class='ocrx_word' id='word_1_206' title='bbox 1776 1344 1927 1380; x_wconf 78' lang='lat' dir='ltr'><strong>probabile</strong></span> <span class='ocrx_word' id='word_1_207' title='bbox 1949 1349 2009 1376; x_wconf 78' lang='lat' dir='ltr'><strong>est,</strong></span> <span class='ocrx_word' id='word_1_208' title='bbox 2036 1346 2060 1370; x_wconf 78' lang='lat' dir='ltr'><strong>si</strong></span> 
     </span>
     <span class='ocr_line' id='line_1_19' title="bbox 253 1394 2058 1432; baseline 0 -11"><span class='ocrx_word' id='word_1_209' title='bbox 253 1396 359 1421; x_wconf 83' lang='lat' dir='ltr'><strong>diutius</strong></span> <span class='ocrx_word' id='word_1_210' title='bbox 381 1395 509 1425; x_wconf 79' lang='lat' dir='ltr'><strong>vixisset,</strong></span> <span class='ocrx_word' id='word_1_211' title='bbox 530 1395 576 1420; x_wconf 82' lang='lat' dir='ltr'><strong>vel</strong></span> <span class='ocrx_word' id='word_1_212' title='bbox 594 1394 685 1421; x_wconf 85' lang='lat' dir='ltr'><strong>libros</strong></span> <span class='ocrx_word' id='word_1_213' title='bbox 705 1395 740 1421; x_wconf 85' lang='lat' dir='ltr'><strong>de</strong></span> <span class='ocrx_word' id='word_1_214' title='bbox 762 1394 884 1420; x_wconf 83' lang='lat' dir='ltr'><strong>Oratore</strong></span> <span class='ocrx_word' id='word_1_215' title='bbox 904 1394 980 1420; x_wconf 79' lang='lat' dir='ltr'><strong>inter</strong></span> <span class='ocrx_word' id='word_1_216' title='bbox 1000 1394 1115 1430; x_wconf 81' lang='lat' dir='ltr'><strong>spurios</strong></span> <span class='ocrx_word' id='word_1_217' title='bbox 1134 1394 1312 1430; x_wconf 85' lang='lat' dir='ltr'><strong>rejecturum</strong></span> <span class='ocrx_word' id='word_1_218' title='bbox 1333 1398 1361 1421; x_wconf 81' lang='lat' dir='ltr'><strong>et</strong></span> <span class='ocrx_word' id='word_1_219' title='bbox 1382 1395 1534 1421; x_wconf 81' lang='lat' dir='ltr'><strong>Horatium</strong></span> <span class='ocrx_word' id='word_1_220' title='bbox 1553 1404 1587 1421; x_wconf 87' lang='lat' dir='ltr'><strong>ex</strong></span> <span class='ocrx_word' id='word_1_221' title='bbox 1607 1395 1729 1422; x_wconf 78' lang='lat' dir='ltr'><strong>Horatio</strong></span> <span class='ocrx_word' id='word_1_222' title='bbox 1750 1397 1933 1432; x_wconf 83' lang='lat' dir='ltr'><strong>expulsurum</strong></span> <span class='ocrx_word' id='word_1_223' title='bbox 1953 1397 2058 1422; x_wconf 72' lang='lat' dir='ltr'><strong>ruisse!</strong></span> 
     </span>
     <span class='ocr_line' id='line_1_20' title="bbox 253 1444 2060 1483; baseline 0 -11"><span class='ocrx_word' id='word_1_224' title='bbox 253 1446 285 1472; x_wconf 85' lang='lat' dir='ltr'><strong>ln</strong></span> <span class='ocrx_word' id='word_1_225' title='bbox 306 1446 371 1472; x_wconf 81' lang='lat' dir='ltr'><strong>illos</strong></span> <span class='ocrx_word' id='word_1_226' title='bbox 392 1449 468 1472; x_wconf 86' lang='lat' dir='ltr'><strong>certe</strong></span> <span class='ocrx_word' id='word_1_227' title='bbox 485 1445 547 1482; x_wconf 86' lang='lat' dir='ltr'><strong>jam</strong></span> <span class='ocrx_word' id='word_1_228' title='bbox 567 1445 705 1483; x_wconf 85' lang='lat' dir='ltr'><strong>impetum</strong></span> <span class='ocrx_word' id='word_1_229' title='bbox 725 1444 920 1472; x_wconf 73' lang='lat' dir='ltr'><strong>meditabatur</strong></span> <span class='ocrx_word' id='word_1_230' title='bbox 939 1445 971 1479; x_wconf 93' lang='lat'><strong>(1</strong></span> <span class='ocrx_word' id='word_1_231' title='bbox 990 1444 1063 1471; x_wconf 74' lang='lat' dir='ltr'><strong>have</strong></span> <span class='ocrx_word' id='word_1_232' title='bbox 1084 1444 1168 1471; x_wconf 79' lang='lat' dir='ltr'><strong>made</strong></span> <span class='ocrx_word' id='word_1_233' title='bbox 1188 1444 1309 1471; x_wconf 73' lang='lat' dir='ltr'><strong>another</strong></span> <span class='ocrx_word' id='word_1_234' title='bbox 1328 1444 1427 1471; x_wconf 76' lang='lat' dir='ltr'><strong>attuek</strong></span> <span class='ocrx_word' id='word_1_235' title='bbox 1450 1453 1529 1482; x_wconf 73' lang='lat' dir='ltr'><strong>upon</strong></span> <span class='ocrx_word' id='word_1_236' title='bbox 1551 1445 1652 1472; x_wconf 71' lang='lat' dir='ltr'><strong>Cicero</strong></span> <span class='ocrx_word' id='word_1_237' title='bbox 1678 1446 1713 1473; x_wconf 82' lang='lat' dir='ltr'><strong>de</strong></span> <span class='ocrx_word' id='word_1_238' title='bbox 1739 1446 1881 1478; x_wconf 84' lang='lat' dir='ltr'><strong>Oratore,</strong></span> <span class='ocrx_word' id='word_1_239' title='bbox 1909 1448 1940 1473; x_wconf 74' lang='lat' dir='ltr'><strong>in</strong></span> <span class='ocrx_word' id='word_1_240' title='bbox 1964 1447 2060 1474; x_wconf 70' lang='lat' dir='ltr'><strong>which</strong></span> 
     </span>
     <span class='ocr_line' id='line_1_21' title="bbox 252 1496 2060 1535; baseline 0.002 -12"><span class='ocrx_word' id='word_1_241' title='bbox 252 1499 271 1523; x_wconf 88' lang='lat'><em>1</em></span> <span class='ocrx_word' id='word_1_242' title='bbox 287 1498 374 1534; x_wconf 73' lang='lat' dir='ltr'><strong>fancy</strong></span> <span class='ocrx_word' id='word_1_243' title='bbox 396 1498 414 1523; x_wconf 91' lang='lat'><em>1</em></span> <span class='ocrx_word' id='word_1_244' title='bbox 435 1498 507 1524; x_wconf 77' lang='lat' dir='ltr'><strong>have</strong></span> <span class='ocrx_word' id='word_1_245' title='bbox 526 1497 623 1534; x_wconf 71' lang='lat' dir='ltr'><strong>found</strong></span> <span class='ocrx_word' id='word_1_246' title='bbox 642 1502 694 1524; x_wconf 80' lang='lat' dir='ltr'><strong>out</strong></span> <span class='ocrx_word' id='word_1_247' title='bbox 713 1502 833 1534; x_wconf 67' lang='lat' dir='ltr'><strong>strange</strong></span> <span class='ocrx_word' id='word_1_248' title='bbox 852 1497 982 1534; x_wconf 69' lang='lat' dir='ltr'><strong>things);</strong></span> <span class='ocrx_word' id='word_1_249' title='bbox 1017 1498 1053 1524; x_wconf 83' lang='lat' dir='ltr'><strong>de</strong></span> <span class='ocrx_word' id='word_1_250' title='bbox 1081 1496 1203 1524; x_wconf 69' lang='lat' dir='ltr'><strong>Horatio</strong></span> <span class='ocrx_word' id='word_1_251' title='bbox 1229 1501 1325 1524; x_wconf 77' lang='lat' dir='ltr'><strong>autem</strong></span> <span class='ocrx_word' id='word_1_252' title='bbox 1350 1496 1428 1523; x_wconf 74' lang='lat' dir='ltr'><strong>baud</strong></span> <span class='ocrx_word' id='word_1_253' title='bbox 1454 1498 1514 1524; x_wconf 83' lang='lat' dir='ltr'><strong>scio</strong></span> <span class='ocrx_word' id='word_1_254' title='bbox 1542 1507 1580 1524; x_wconf 75' lang='lat' dir='ltr'><strong>an</strong></span> <span class='ocrx_word' id='word_1_255' title='bbox 1607 1498 1682 1525; x_wconf 79' lang='lat' dir='ltr'><strong>nihil</strong></span> <span class='ocrx_word' id='word_1_256' title='bbox 1709 1508 1834 1535; x_wconf 75' lang='lat' dir='ltr'><strong>nuquam</strong></span> <span class='ocrx_word' id='word_1_257' title='bbox 1858 1500 2017 1535; x_wconf 78' lang='lat' dir='ltr'><strong>jucundius</strong></span> <span class='ocrx_word' id='word_1_258' title='bbox 2044 1509 2060 1525; x_wconf 82' lang='lat' dir='ltr'><strong>a</strong></span> 
     </span>
     <span class='ocr_line' id='line_1_22' title="bbox 252 1547 2060 1586; baseline 0.001 -11"><span class='ocrx_word' id='word_1_259' title='bbox 252 1550 352 1576; x_wconf 86' lang='lat' dir='ltr'><strong>critico</strong></span> <span class='ocrx_word' id='word_1_260' title='bbox 372 1549 480 1575; x_wconf 83' lang='lat' dir='ltr'><strong>dictum</strong></span> <span class='ocrx_word' id='word_1_261' title='bbox 500 1549 558 1580; x_wconf 84' lang='lat' dir='ltr'><strong>sit,</strong></span> <span class='ocrx_word' id='word_1_262' title='bbox 586 1557 672 1585; x_wconf 79' lang='lat' dir='ltr'><strong>quam</strong></span> <span class='ocrx_word' id='word_1_263' title='bbox 693 1548 771 1584; x_wconf 81' lang='lat' dir='ltr'><strong>quod</strong></span> <span class='ocrx_word' id='word_1_264' title='bbox 791 1547 862 1578; x_wconf 83' lang='lat' dir='ltr'><strong>ille,</strong></span> <span class='ocrx_word' id='word_1_265' title='bbox 889 1548 1040 1573; x_wconf 70' lang='lat' dir='ltr'><strong>innumera</strong></span> <span class='ocrx_word' id='word_1_266' title='bbox 1060 1556 1135 1578; x_wconf 75' lang='lat' dir='ltr'><strong>csse,</strong></span> <span class='ocrx_word' id='word_1_267' title='bbox 1165 1556 1239 1584; x_wconf 86' lang='lat' dir='ltr'><strong>quae</strong></span> <span class='ocrx_word' id='word_1_268' title='bbox 1258 1556 1316 1574; x_wconf 70' lang='lat' dir='ltr'><strong>reon</strong></span> <span class='ocrx_word' id='word_1_269' title='bbox 1337 1548 1503 1585; x_wconf 65' lang='lat' dir='ltr'><strong>intelligat,</strong></span> <span class='ocrx_word' id='word_1_270' title='bbox 1529 1549 1692 1584; x_wconf 70' lang='lat' dir='ltr'><strong>professus:</strong></span> <span class='ocrx_word' id='word_1_271' title='bbox 1724 1559 1815 1586; x_wconf 78' lang='lat' dir='ltr'><strong>neque</strong></span> <span class='ocrx_word' id='word_1_272' title='bbox 1835 1549 1925 1580; x_wconf 78' lang='lat' dir='ltr'><strong>adeo,</strong></span> <span class='ocrx_word' id='word_1_273' title='bbox 1953 1550 2060 1586; x_wconf 83' lang='lat' dir='ltr'><strong>iuquit,</strong></span> 
     </span>
     <span class='ocr_line' id='line_1_23' title="bbox 253 1599 2059 1639; baseline 0.001 -11"><span class='ocrx_word' id='word_1_274' title='bbox 253 1603 354 1633; x_wconf 81' lang='lat' dir='ltr'><strong>miror,</strong></span> <span class='ocrx_word' id='word_1_275' title='bbox 384 1612 471 1639; x_wconf 81' lang='lat' dir='ltr'><strong>quum</strong></span> <span class='ocrx_word' id='word_1_276' title='bbox 492 1602 563 1629; x_wconf 77' lang='lat' dir='ltr'><strong>haee</strong></span> <span class='ocrx_word' id='word_1_277' title='bbox 584 1601 745 1628; x_wconf 78' lang='lat' dir='ltr'><strong>obscuritas</strong></span> <span class='ocrx_word' id='word_1_278' title='bbox 765 1610 784 1628; x_wconf 84' lang='lat' dir='ltr'><strong>a</strong></span> <span class='ocrx_word' id='word_1_279' title='bbox 801 1601 925 1638; x_wconf 69' lang='lat' dir='ltr'><strong>posteris</strong></span> <span class='ocrx_word' id='word_1_280' title='bbox 944 1601 1056 1627; x_wconf 74' lang='lat' dir='ltr'><strong>invecta</strong></span> <span class='ocrx_word' id='word_1_281' title='bbox 1074 1600 1183 1637; x_wconf 76' lang='lat' dir='ltr'><strong>suerit!</strong></span> <span class='ocrx_word' id='word_1_282' title='bbox 1230 1599 1345 1636; x_wconf 68' lang='lat' dir='ltr'><strong>Magnis</strong></span> <span class='ocrx_word' id='word_1_283' title='bbox 1364 1601 1464 1637; x_wconf 84' lang='lat' dir='ltr'><strong>utique</strong></span> <span class='ocrx_word' id='word_1_284' title='bbox 1484 1600 1618 1628; x_wconf 79' lang='lat' dir='ltr'><strong>laudibus</strong></span> <span class='ocrx_word' id='word_1_285' title='bbox 1639 1602 1723 1629; x_wconf 82' lang='lat' dir='ltr'><strong>etiam</strong></span> <span class='ocrx_word' id='word_1_286' title='bbox 1743 1602 1813 1629; x_wconf 75' lang='lat' dir='ltr'><strong>baec</strong></span> <span class='ocrx_word' id='word_1_287' title='bbox 1834 1602 1897 1638; x_wconf 80' lang='lat' dir='ltr'><strong>ejus</strong></span> <span class='ocrx_word' id='word_1_288' title='bbox 1918 1603 2059 1629; x_wconf 83' lang='lat' dir='ltr'><strong>sententia</strong></span> 
     </span>
     <span class='ocr_line' id='line_1_24' title="bbox 251 1651 2057 1689; baseline -0.001 -8"><span class='ocrx_word' id='word_1_289' title='bbox 251 1666 267 1681; x_wconf 73' lang='lat' dir='ltr'><strong>a</strong></span> <span class='ocrx_word' id='word_1_290' title='bbox 286 1656 393 1682; x_wconf 82' lang='lat' dir='ltr'><strong>recenti</strong></span> <span class='ocrx_word' id='word_1_291' title='bbox 414 1655 527 1681; x_wconf 71' lang='lat' dir='ltr'><strong>Horatii</strong></span> <span class='ocrx_word' id='word_1_292' title='bbox 557 1654 695 1681; x_wconf 74' lang='lat' dir='ltr'><strong>carnifice</strong></span> <span class='ocrx_word' id='word_1_293' title='bbox 723 1652 924 1688; x_wconf 76' lang='lat' dir='ltr'><strong>Peerlkampio</strong></span> <span class='ocrx_word' id='word_1_294' title='bbox 951 1661 981 1688; x_wconf 84' lang='lat' dir='ltr'><strong>p.</strong></span> <span class='ocrx_word' id='word_1_295' title='bbox 999 1661 1037 1677; x_wconf 74' lang='lat' dir='ltr'><strong>vn</strong></span> <span class='ocrx_word' id='word_1_296' title='bbox 1061 1651 1136 1678; x_wconf 71' lang='lat' dir='ltr'><strong>elata</strong></span> <span class='ocrx_word' id='word_1_297' title='bbox 1162 1656 1222 1683; x_wconf 85' lang='lat' dir='ltr'><strong>est;</strong></span> <span class='ocrx_word' id='word_1_298' title='bbox 1254 1661 1307 1688; x_wconf 76' lang='lat' dir='ltr'><strong>ego</strong></span> <span class='ocrx_word' id='word_1_299' title='bbox 1334 1661 1401 1679; x_wconf 76' lang='lat' dir='ltr'><strong>vero</strong></span> <span class='ocrx_word' id='word_1_300' title='bbox 1428 1661 1491 1680; x_wconf 78' lang='lat' dir='ltr'><strong>curn</strong></span> <span class='ocrx_word' id='word_1_301' title='bbox 1518 1652 1646 1680; x_wconf 79' lang='lat' dir='ltr'><strong>Gesnero</strong></span> <span class='ocrx_word' id='word_1_302' title='bbox 1668 1654 1761 1681; x_wconf 75' lang='lat' dir='ltr'><strong>faeere</strong></span> <span class='ocrx_word' id='word_1_303' title='bbox 1788 1654 1883 1685; x_wconf 82' lang='lat' dir='ltr'><strong>malo,</strong></span> <span class='ocrx_word' id='word_1_304' title='bbox 1912 1655 1961 1689; x_wconf 87' lang='lat' dir='ltr'><strong>qui</strong></span> <span class='ocrx_word' id='word_1_305' title='bbox 1987 1655 2008 1680; x_wconf 91' lang='lat' dir='ltr'><strong>l.</strong></span> <span class='ocrx_word' id='word_1_306' title='bbox 2031 1664 2057 1681; x_wconf 90' lang='lat' dir='ltr'><strong>c.</strong></span> 
     </span>
     <span class='ocr_line' id='line_1_25' title="bbox 253 1703 1657 1743; baseline -0.001 -11"><span class='ocrx_word' id='word_1_307' title='bbox 253 1717 282 1742; x_wconf 81' lang='lat' dir='ltr'><strong>p.</strong></span> <span class='ocrx_word' id='word_1_308' title='bbox 302 1706 373 1734; x_wconf 72' lang='lat'><strong>234:</strong></span> <span class='ocrx_word' id='word_1_309' title='bbox 402 1708 514 1743; x_wconf 71' lang='lat' dir='ltr'><strong>potuit,</strong></span> <span class='ocrx_word' id='word_1_310' title='bbox 537 1706 653 1742; x_wconf 79' lang='lat' dir='ltr'><strong>inquit,</strong></span> <span class='ocrx_word' id='word_1_311' title='bbox 673 1704 831 1733; x_wconf 78' lang='lat' dir='ltr'><strong>absurdum</strong></span> <span class='ocrx_word' id='word_1_312' title='bbox 850 1703 1027 1731; x_wconf 71' lang='lat' dir='ltr'><strong>Marklando</strong></span> <span class='ocrx_word' id='word_1_313' title='bbox 1047 1703 1094 1730; x_wconf 78' lang='lat' dir='ltr'><strong>vel</strong></span> <span class='ocrx_word' id='word_1_314' title='bbox 1113 1703 1185 1730; x_wconf 75' lang='lat' dir='ltr'><strong>mihi</strong></span> <span class='ocrx_word' id='word_1_315' title='bbox 1203 1703 1297 1731; x_wconf 72' lang='lat' dir='ltr'><strong>videri</strong></span> <span class='ocrx_word' id='word_1_316' title='bbox 1315 1709 1343 1730; x_wconf 84' lang='lat' dir='ltr'><strong>et</strong></span> <span class='ocrx_word' id='word_1_317' title='bbox 1363 1709 1454 1731; x_wconf 78' lang='lat' dir='ltr'><strong>tanuen</strong></span> <span class='ocrx_word' id='word_1_318' title='bbox 1475 1714 1532 1731; x_wconf 80' lang='lat' dir='ltr'><strong>esse</strong></span> <span class='ocrx_word' id='word_1_319' title='bbox 1555 1704 1657 1732; x_wconf 69' lang='lat' dir='ltr'><strong>Tullii.</strong></span> 
     </span>
    </p>
   </div>
  </div>
 </body>
</html>
