2421 2972
286 349 411 374 corum
439 348 584 387 quoque
613 334 777 386 exempla
803 333 958 384 docent,
992 348 1085 387 quos
1109 334 1186 377 ἔσω
1214 341 1250 374 et
1274 330 1378 378 ἔνδον
1404 342 1440 373 et
1466 334 1597 373 similia
1621 334 1822 373 sexcenties
1850 331 2076 385 confundere

287 408 428 440 constat
447 401 525 454 8⁵),
566 407 678 453 utque
704 403 869 453 superius
898 403 937 439 ἰη
967 402 1085 440 aciem
1110 415 1177 453 pro
1207 401 1367 440 ablativo
1394 402 1531 440 dictum
1559 401 1739 454 legimus,
1781 401 1831 437 ita
1867 398 2002 438 Cicero
2029 398 2076 435 ad

284 468 367 507 Act.
392 470 469 507 111.
499 468 527 505 8
554 470 621 507 uhi
650 483 715 519 pro
739 474 819 521 'quo
846 469 982 507 dixisse
1007 469 1172 506 videtur:
1212 471 1314 520 quod
1341 471 1475 506 suades
1501 483 1547 507 ne
1576 469 1723 520 lonqt'us
1750 467 1985 504 discedamus
2018 493 2028 501 .
2061 492 2071 501 .

282 542 373 586 puto
402 550 459 575 me
484 536 538 574 ita
562 549 637 574 esse
658 536 868 588 factm-um,-
897 537 966 575 sed
991 536 1078 584 ubi,
1094 525 1271 574 'nondum
1299 536 1436 583 statui,
1471 535 1511 573 h.
1538 549 1573 574 e.
1605 549 1676 587 quo
1706 534 1917 581 discedam,
1953 538 1995 571 ut
2020 532 2078 570 ibi

285 615 475 650 mamam,
518 615 665 653 prorsus
704 608 746 640 ut
780 609 904 640 nostro
941 603 1024 641 loco
1067 615 1151 639 cum
1184 601 1390 640 Matthiaeo
1425 601 1473 638 ad
1511 600 1706 639 Orationes
1739 601 1810 648 vl,
1844 614 1882 651 p.
1917 598 2001 636 122
2039 606 2077 637 et

284 668 422 708 Rritzio
449 669 495 707 ad
523 668 675 707 Sallust.
704 668 885 720 ‹lugan-111.
914 684 952 721 p.
979 668 1067 707 600
1097 683 1140 707 eo
1168 669 1342 720 explicari
1371 676 1512 720 potest:
1545 683 1657 721 quum
1689 675 1728 705 tu
1758 681 1800 705 eo
1830 669 1993 719 quinque
2022 666 2075 703 le-

283 736 410 786 giones
441 737 657 773 adduxisse&
686 736 937 788 adductusque
974 737 1030 773 ibi
1059 736 1240 785 haberes,-
1282 736 1438 787 denique
1468 738 1500 774 si
1531 737 1587 773 ibi
1617 742 1653 773 et
1688 735 1756 772 ubi
1786 734 2073 772 additamentum

286 802 362 839 loci
391 809 427 839 et
457 815 597 841 sumere
622 808 658 840 et
688 815 821 853 ponere
852 803 1058 854 promiscue
1088 803 1226 851 solent,
1264 816 1331 840 cur
1359 817 1425 851 eo,
1442 818 1443 821 ¹
1461 801 1656 854 postquam
1683 800 1796 838 semel
1820 801 1858 837 in
1888 799 2073 852 signifiea-

283 869 416 906 tionem
454 870 509 905 ihi
543 870 705 916 transiit,
747 869 873 907 eadem
908 869 1072 908 libertate
1104 870 1252 907 careat?
1304 870 1434 920 Neque
1465 870 1536 906 alia
1569 881 1680 907 causa
1711 874 1769 905 est
1800 868 1924 905 tmesis
1957 866 2070 914 illius,

283 949 375 987 quae
406 943 442 973 et
469 937 547 987 ipsa
574 935 808 974 Tunstallum
833 936 1004 975 offendit:
1036 937 1128 989 quid
1152 950 1192 974 se
1221 950 1308 974 nam
1330 937 1539 989 facturum,
1573 935 1632 974 vel
1660 936 1699 972 in
1730 935 1877 973 tertia
1904 933 2069 984 epistola,

283 1010 323 1040 ut
357 1003 453 1040 hanc
483 1005 604 1041 statim
633 1002 959 1054 comprehendam,
990 1003 1226 1054 anastrophes
1252 1016 1296 1040 ea
1323 1017 1429 1052 cum3
1465 1017 1620 1054 quarum
1651 1004 1722 1041 etsi
1750 1001 1901 1039 omnino
1927 1001 2072 1052 gemina

282 1069 446 1121 exempla
475 1069 572 1121 apud
602 1069 817 1109 Ciceronem
844 1083 918 1108 non
946 1076 1110 1118 exstant,
1140 1083 1181 1107 ea
1211 1076 1329 1107 tamen
1358 1070 1544 1122 analogiae
1571 1072 1626 1108 vis
1654 1071 1744 1118 erit,
1774 1075 1814 1106 ut
1840 1067 1968 1106 eodem
1984 1067 2072 1118 jure

282 1142 379 1173 tutae
404 1137 490 1184 sint,
523 1150 597 1187 quo
623 1138 824 1175 contrariae
850 1136 1098 1174 collocationis
1123 1135 1351 1174 insolentiam
1376 1137 1421 1174 de
1443 1137 1555 1175 offic.
1577 1137 1633 1173 11.
1654 1135 1713 1173 25
1734 1142 1770 1173 et
1794 1135 1929 1172 Famil.
1958 1135 2012 1171 X.
2040 1133 2070 1170 6

283 1215 364 1238 cum
399 1202 530 1254 quibus
561 1216 628 1254 pro
663 1203 811 1254 vulgata
848 1203 1062 1255 quibuscum
1095 1208 1251 1240 tuemur.
1309 1203 1455 1240 Tmesis
1492 1209 1589 1241 certe
1623 1203 1663 1239 in
1696 1202 1777 1253 ipso
1813 1200 1945 1238 suffixo
1978 1214 2068 1237 nam

282 1267 379 1321 apud
404 1269 577 1308 Plautum
605 1270 759 1323 singulis
793 1269 869 1309 fere
897 1268 1031 1318 sabulis
1063 1270 1218 1308 recurrit
1235 1269 1313 1323 36),
1356 1285 1472 1322 neque
1500 1270 1630 1322 opinor
1660 1255 1833 1307 audacior
1867 1275 1930 1307 aut
1964 1268 2065 1307 inso-

279 1337 412 1375 lentior
442 1336 532 1374 haec
564 1344 631 1385 est,
661 1351 770 1388 quam
800 1337 863 1374 illa
891 1350 971 1388 qua.
994 1337 1071 1387 ipse
1097 1336 1228 1374 Cicero
1254 1351 1328 1375 non
1356 1338 1472 1375 solum
1504 1339 1543 1374 in
1575 1336 1735 1388 epistolis
1763 1335 1810 1373 ad
1839 1335 1926 1374 Att.
1947 1336 1981 1372 1.
2005 1334 2066 1373 20

280 1409 318 1440 et
342 1403 449 1440 Fam.
474 1403 550 1440 111.
580 1402 623 1451 ὅ,
656 1403 721 1441 sed
746 1404 853 1441 etiam
877 1404 915 1440 in
939 1402 1042 1440 libris
1067 1403 1113 1440 de
1138 1402 1295 1453 Oratore
1320 1404 1515 1442 identidem
1540 1405 1674 1442 utitur:
1707 1416 1778 1453 per
1808 1403 1904 1439 mihi
1929 1403 2064 1439 minam

279 1470 397 1506 visum
425 1476 500 1516 est,
534 1483 603 1520 per
633 1470 727 1506 mila·
752 1470 883 1507 scitum
912 1469 1058 1506 videtur
1078 1475 1180 1519 .etc.;
1217 1470 1456 1522 anastrophes
1485 1476 1605 1507 autem
1638 1465 1759 1521 quam¹
1774 1469 1846 1507 late
1880 1483 1969 1507 usus
1997 1483 2063 1519 pa-

279 1543 374 1585 teat,
416 1543 558 1588 praeter
591 1537 780 1574 innumera
814 1535 955 1574 relativi
988 1535 1153 1587 exempla
1176 1536 1231 1589 87)
1271 1538 1377 1575 etiam
1412 1537 1692 1575 demonstrativa
1730 1535 1928 1573 ostendunt
1965 1536 2065 1573 lmnc

277 1596 362 1652 post
388 1603 545 1640 Tuscul.
576 1603 631 1639 11.
661 1601 704 1650 6,
733 1602 830 1639 Ιιιιησ
855 1602 993 1639 circum
1019 1602 1107 1639 Nat.
1135 1602 1251 1641 Deor.
1277 1603 1332 1640 11.
1361 1602 1429 1651 41,
1460 1604 1526 1640 lios
1553 1609 1682 1640 eontra
1707 1602 1792 1639 Fin.
1816 1602 1868 1639 V.
1894 1600 1938 1648 8,
1969 1615 2065 1652 quae

279 1669 309 1705 si
336 1668 395 1705 vel
414 1669 454 1705 in
475 1669 519 1705 iis
547 1667 872 1720 praepositionibus
899 1674 1109 1715 cernuntur,
1138 1681 1231 1718 quae
1257 1670 1365 1707 etiam
1392 1669 1550 1707 relativis
1576 1669 1756 1720 praemitti
1780 1668 1925 1719 saepius
1951 1680 2064 1719 quam

277 1735 446 1786 postponi
471 1734 611 1782 solent,
642 1748 746 1783 cum,
774 1734 873 1786 quod
899 1741 952 1772 tot
972 1735 1247 1786 pronominibus
1272 1736 1478 1774 solemniter
1499 1736 1748 1786 postponitur,
1777 1736 1885 1772 etiam
1910 1741 1994 1785 post
2019 1749 2064 1772 ea

278 1799 369 1838 nihil
384 1800 506 1852 justae
527 1802 734 1840 offensionis
760 1800 922 1841 habebit.
977 1801 1101 1838 Unum
1123 1801 1302 1853 reliquum
1326 1808 1394 1850 est,
1423 1802 1522 1853 quod
1548 1802 1668 1853 aliqua
1695 1815 1778 1839 eum
1806 1802 1930 1853 specie
1955 1802 2062 1839 Tun·

278 1866 408 1905 stallus
441 1866 714 1919 reprehendisse
746 1868 929 1917 videatur,
972 1868 1010 1904 in
1036 1867 1187 1919 epistola
1220 1882 1360 1917 nona,
1398 1867 1461 1906 ubi
1493 1868 1624 1908 Cicero
1656 1869 1813 1907 Brutum
1840 1867 2056 1907 consolans:

278 1941 330 1972 est
352 1934 463 1982 enim,
490 1936 621 1985 inquit,
651 1936 813 1973 alienum
840 1941 941 1974 tanto
969 1936 1064 1983 viro,
1094 1942 1144 1973 ut
1166 1948 1210 1972 es
1237 1942 1305 1983 tu,
1339 1936 1440 1987 quod
1465 1936 1579 1973 alteri
1598 1937 1846 1986 praeceperit,
1872 1936 1915 1972 id
1940 1937 2061 1986 ipsum

274 2003 400 2054 facere
422 2014 497 2038 non
518 2014 641 2051 posse,
669 2001 766 2052 quod
786 2001 864 2053 jam
891 2002 1057 2052 antiquos
1082 2001 1236 2039 editores
1260 2001 1351 2040 adeo
1375 2001 1539 2050 offendit,
1562 2008 1604 2038 ut
1626 2008 1784 2053 quantus
1808 2015 1846 2038 es
1870 2007 1909 2039 tu
1933 2003 2062 2052 reponi

277 2068 444 2118 mallent3
482 2081 551 2120 ego
577 2081 663 2106 vero
690 2075 730 2106 ut
756 2083 902 2107 eausam
926 2068 1190 2117 emendationis
1214 2068 1399 2120 intelligo,
1429 2070 1481 2106 ita
1505 2069 1753 2107 necessitatem
1784 2081 1857 2105 non
1882 2080 2059 2119 agnosco,

333 2203 381 2238 85)
402 2203 450 2230 Cf.
470 2202 597 2229 Fischer.
623 2203 661 2230 ad
686 2203 804 2230 Weller.
827 2212 871 2239 gr.
899 2213 943 2239 gr.
968 2202 1005 2231 T.
1027 2204 1083 2238 111,
1111 2205 1142 2231 P.
1167 2204 1194 2236 1,
1222 2213 1253 2241 p.
1274 2203 1342 2237 214,
1371 2205 1404 2231 P.
1425 2204 1455 2236 2,
1481 2214 1511 2241 p.
1534 2203 1588 2236 93;
1624 2203 1724 2231 Lehrs.
1750 2203 1785 2229 de
1806 2202 1962 2229 Arium-ehi
1981 2204 2059 2229 stud.

277 2255 394 2282 Homer.
440 2274 448 2281 .
471 2254 535 2281 140.

334 2306 383 2341 86)
402 2265 542 2342 Alinpliitr.
564 2305 604 2331 11.
623 2305 649 2331 1.
669 2305 723 2331 ⁴5:
750 2313 807 2342 quo
825 2305 857 2331 ia
874 2307 980 2333 malum
997 2312 1082 2344 paeto
1099 2312 1193 2344 potest
1211 2309 1297 2334 nam?
1334 2306 1432 2333 Aulul.
1453 2305 1509 2332 111.
1531 2305 1560 2331 2.
1581 2304 1632 2331 13:
1660 2305 1710 2331 sed
1729 2306 1759 2331 ιίι
1778 2304 1897 2331 aedibus
1916 2305 1989 2341 quid
2009 2306 2065 2332 tibi

278 2359 346 2385 meis
364 2368 430 2384 nam
449 2362 510 2384 erat
528 2357 645 2394 negoti?
682 2356 785 2389 Bacch.
806 2356 842 2384 V.
864 2357 890 2384 1.
911 2358 962 2385 26:
985 2358 1056 2395 quid
1075 2360 1128 2386 tibi
1146 2369 1180 2385 ex
1197 2359 1261 2395 filio
1282 2368 1347 2385 nam
1367 2368 1451 2394 aequ-e
1470 2359 1531 2384 est?
1569 2357 1689 2384 Mei-cat.
1711 2357 1746 2383 V.
1769 2357 1796 2383 4.
1819 2357 1852 2382 δι
1875 2356 2065 2394 quid-segeti

279 2413 321 2435 est
337 2418 403 2434 nam
422 2416 525 2445 quaeso
545 2408 636 2433 istuc?
674 2408 751 2433 Pers.
773 2407 813 2433 11.
835 2408 862 2433 5.
886 2407 935 2434 13:
964 2408 1078 2445 quando
1097 2410 1184 2436 istaec
1202 2410 1303 2435 innata
1323 2413 1363 2434 est
1382 2418 1447 2435 nam
1466 2409 1539 2434 tibi?
1576 2408 1652 2433 llud.
1676 2407 1725 2433 lv.
1747 2406 1775 2432 3.
1796 2406 1830 2431 8:
1859 2407 1932 2443 quid
1952 2412 1983 2433 tu
2002 2417 2059 2433 πια-

280 2460 338 2487 Ium
359 2470 425 2487 nam
443 2469 486 2486 me
503 2459 641 2486 retrahis?
678 2459 794 2487 Trucul.
814 2459 851 2487 V.
872 2458 898 2487 ¹.
920 2458 974 2487 48:
1004 2470 1077 2498 quae
1096 2462 1152 2488 tria
1171 2462 1257 2489 um?
1277 2464 1332 2488 etc.

334 2511 384 2545 87)
405 2511 525 2547 Largam
546 2512 735 2548 exemplorum
756 2512 866 2547 copiam
884 2511 1023 2547 praebent
1047 2514 1223 2547 grammatici
1247 2512 1450 2541 Rau-:hominu
1475 2521 1504 2548 p.
1525 2511 1578 2538 47⁰
1605 2515 1633 2538 et
1655 2512 1798 2546 liriigerus
1836 2520 1866 2546 p.
1888 2510 1961 2542 ⁹4³;
1992 2513 2064 2538 adde

281 2562 455 2590 Gnhblerum
474 2564 504 2590 in
522 2563 620 2591 Jahnii
638 2563 758 2591 Jahrbb.
781 2562 866 2597 1829,
884 2563 919 2590 T.
940 2563 977 2596 X,
995 2573 1025 2600 p.
1046 2562 1110 2591 393.
1775 2571 1777 2573 ·
