2421 2972
297 358 380 382 raro
406 345 463 383 vel
491 349 676 396 nunqnam
704 343 848 382 eaedem
876 357 1008 381 causae
1034 349 1141 391 sunt,
1166 342 1248 381 ideo
1274 344 1381 381 etiam
1409 342 1581 381 Ciceroni
1608 341 1892 394 denegabimus,
1921 343 1986 393 qui
2002 331 2088 393 'quo

295 412 403 450 modo
428 418 463 450 et
487 411 632 463 quando
660 411 795 449 diceret
821 412 955 463 optime
977 409 1215 462 intelligebat.
1274 409 1385 447 Velut
1407 423 1474 460 pro
1495 409 1617 448 Sestio
1640 423 1675 447 c.
1703 408 1729 446 7
1758 415 1947 447 cantorem
1969 408 2092 446 alieni

292 480 455 530 periculi
478 479 584 526 dixit,
615 478 714 529 quod
740 478 958 516 vocabulum
984 477 1082 515 haud
1108 479 1187 514 scio
1212 489 1259 513 an
1282 482 1426 526 praeter
1451 477 1603 514 similem
1629 477 1751 514 locum
1779 476 1907 513 Plauti
1931 476 2082 527 Captiv-

294 546 350 582 11.
383 544 425 581 2.
462 544 487 581 7
520 558 699 596 nusquam
734 559 779 583 ne
806 544 904 596 apud
930 543 1049 582 JCtos
1076 542 1223 595 quidem
1258 543 1422 594 legatur3
1467 537 1574 581 nemo
1607 549 1727 581 tamen
1755 543 1892 581 iccirco
1918 544 2084 594 spuriam

293 611 393 647 illam
423 613 620 648 orationem
648 611 799 660 dixerit,
839 617 952 661 utque
981 611 1051 647 alia
1078 607 1198 661 ἅπαξ
1222 610 1454 658 λεγομένων
1479 610 1644 659 exempla
1667 616 1827 656 taceam,
1861 622 1956 660 quae
1982 609 2083 646 haud

292 679 422 729 exigua
457 678 554 729 apud
581 677 794 716 Ciceronem
829 684 993 726 exstant,
1031 679 1193 729 ipsorum
1228 678 1415 715 nominum
1443 683 1479 714 et
1506 675 1762 715 adverbiorum
1797 691 1881 716 cum
1917 677 2081 728 praefixo

292 746 460 796 negativo
491 746 771 795 compositorum
799 759 841 783 ea
868 745 966 796 apud
998 745 1102 782 illum
1134 746 1226 782 ratio
1253 750 1329 791 est,
1373 750 1413 780 ut
1440 745 1472 780 si
1498 757 1626 781 omnes
1652 743 1766 781 libros
1791 744 1963 782 damnare
1991 745 2080 782 veli·

294 825 397 859 mus,
426 825 579 862 quorum
603 826 691 849 usus
714 814 751 849 in
779 812 850 850 hoc
875 825 1008 863 genere
1034 813 1188 863 geminis
1216 811 1391 862 exemplis
1415 818 1557 859 careat,
1584 811 1801 849 Ciceronem
1828 825 1874 849 ex
1900 812 2080 850 Cicerone

291 877 467 929 perdituri
494 877 597 916 nobis
620 878 819 917 videamur.
876 878 961 917 Non
988 891 1158 930 quaeram
1186 892 1274 916 num
1304 883 1401 916 recte
1429 883 1537 930 neget
1559 877 1805 916 Marklandus
1831 891 1915 917 cum
1942 879 2079 917 Vossio

289 959 335 982 cx
365 945 444 983 solo
470 945 636 996 adjectivi
661 959 730 982 usu
755 946 860 983 etiam
889 945 1060 983 adverbio
1086 947 1226 983 veniam
1253 947 1326 996 peti
1353 959 1462 997 posse
1471 960 1483 994 3
1517 951 1554 982 at
1581 946 1613 982 si
1633 944 1699 982 *vel
1724 947 1880 984 maxime
1903 953 2073 997 nequeat,

289 1011 417 1049 ideone
437 1012 475 1048 in
497 1013 739 1062 suspicionem
761 1011 974 1050 vocabimus
998 1013 1117 1063 ipsum
1144 1011 1355 1050 adverbium
1384 1012 1564 1063 impolite,
1592 1025 1668 1063 quo
1693 1011 1806 1050 semel
1830 1013 1946 1051 utitur
1964 1012 2072 1051 Orat.

288 1078 323 1115 Ι.
344 1077 415 1125 50,
443 1079 527 1115 item
551 1078 729 1115 incallide
749 1077 860 1115 offic.
874 1078 960 1115 111.
987 1078 1061 1126 55,
1092 1079 1267 1116 indiserte
1292 1078 1339 1115 ad
1357 1078 1433 1125 Qu.
1456 1079 1522 1115 Fr.
1544 1078 1599 1115 11.
1623 1077 1662 1126 1,
1694 1079 1957 1117 immortaliter
1979 1079 2071 1116 ibid.

289 1146 363 1182 111.
394 1145 432 1192 1,
464 1146 757 1182 insaturabiliter
779 1146 866 1182 Nat.
891 1145 1006 1182 Deor.
1035 1145 1089 1181 Π.
1117 1144 1188 1193 25,
1220 1146 1459 1195 intemperate
1485 1146 1599 1183 Univ.
1625 1159 1659 1182 c.
1684 1144 1750 1193 12,
1781 1151 1823 1183 ut
1848 1147 1988 1184 mittam
2013 1159 2071 1194 ea,

289 1225 444 1263 quorum
471 1211 568 1263 apud
595 1212 684 1250 alios
710 1218 830 1249 tamen
857 1225 945 1249 usus
968 1218 1129 1260 constat,
1161 1218 1202 1249 ut
1227 1212 1496 1249 incontinenter
1520 1211 1633 1250 offic.
1663 1212 1740 1249 111.
1766 1210 1818 1261 8,
1855 1213 2076 1264 insipienter

289 1279 439 1317 Senect.
477 1292 512 1316 c.
543 1277 618 1326 19,
657 1280 834 1328 impunite
861 1279 953 1320 Pin.
983 1278 1037 1314 11.
1070 1277 1123 1314 18
1148 1285 1246 1326 etc.,
1287 1278 1483 1328 eademque
1520 1292 1629 1316 cansa
1661 1286 1717 1316 est
1742 1278 2070 1328 substantivorum,

288 1359 362 1397 quo
391 1359 436 1383 ex
465 1354 615 1383 numero
640 1346 672 1382 si
700 1346 781 1395 quis
812 1344 1161 1391 immutabilitatem,
1190 1345 1465 1395 impiqritatem,
1500 1345 1805 1396 iry’acunditatem
1836 1351 1987 1396 propter
2014 1347 2071 1383 in-

290 1413 479 1450 solentiam
505 1411 696 1457 excludat,
730 1410 855 1448 eodem
878 1410 959 1460 jure
984 1410 1095 1448 libros
1115 1411 1161 1448 de
1179 1410 1406 1460 Republica,
1442 1409 1487 1447 de
1512 1411 1652 1447 Natura
1679 1411 1865 1458 Deorum,
1903 1412 1949 1449 de
1977 1413 2074 1450 Fato

288 1492 310 1516 e
334 1477 584 1516 Ciceronianis
615 1476 718 1514 tollat
733 1475 804 1528 75).
861 1475 968 1524 Quae
994 1481 1113 1514 autem
1144 1482 1329 1527 praeterea
1356 1478 1393 1514 in
1423 1476 1485 1513 illa
1514 1475 1665 1528 epistola
1693 1476 1988 1527 reprehendunt,
2025 1491 2073 1516 ne

290 1546 525 1583 excusatione
556 1543 701 1594 quidem
733 1543 795 1581 sed
828 1542 1067 1594 explicatione
1096 1543 1283 1595 indigent,
1321 1544 1381 1581 eui
1406 1556 1515 1594 quam
1548 1544 1664 1594 impar
1689 1543 1899 1581 Marklandi
1928 1544 2072 1596 cupidi-

291 1619 348 1649 tas
378 1612 509 1659 fuerit,
548 1611 609 1647 hic
635 1623 780 1660 quoque
808 1616 956 1660 apparet
979 1612 1016 1646 in
1047 1610 1187 1647 verbis:
1225 1625 1292 1648 nee
1319 1611 1388 1647 illa
1418 1612 1526 1646 modo
1552 1612 1744 1660 praestiti,
1775 1624 1871 1662 quae
1895 1612 2074 1649 nimirum

291 1677 374 1715 sola
400 1678 448 1714 ab
473 1677 621 1714 homine
647 1682 733 1714 sunt
755 1676 1004 1727 postulanda,
1032 1677 1167 1728 fidem,
1201 1676 1455 1728 viqilantiam,
1485 1677 1632 1727 patriae
1657 1677 1849 1714 caritatem
1879 1703 1888 1713 .
1920 1705 1929 1714 .
1962 1705 1971 1714 .
2004 1691 2075 1730 eqo

292 1749 414 1781 autem
438 1744 476 1780 ei
505 1744 572 1795 qui
597 1743 814 1780 sententiam
848 1743 950 1780 dicat
975 1743 1016 1778 in
1037 1743 1272 1793 principibus
1300 1744 1347 1780 de
1375 1756 1416 1780 re
1434 1743 1609 1793 publica,
1644 1748 1735 1793 pato
1765 1743 1879 1780 etiam
1904 1745 2072 1794 pruden—

294 1811 384 1846 tiam
417 1822 493 1845 esse
525 1809 787 1857 praestandam
797 1822 811 1854 ,-
855 1808 918 1845 ubi
952 1808 1012 1845 ille
1043 1822 1171 1857 parum
1205 1808 1274 1845 sibi
1307 1810 1518 1857 scriptorem
1553 1814 1719 1845 constare
1752 1815 1964 1859 argutatur,
2007 1813 2073 1860 qui

291 1881 484 1927 postquam
509 1873 592 1912 sola
618 1872 680 1912 illa
710 1872 755 1911 ab
782 1872 927 1912 homine
950 1872 1126 1925 postulari
1147 1886 1256 1924 posse
1277 1872 1420 1922 dixerit,
1453 1886 1538 1912 mox
1560 1879 1681 1912 tamen
1702 1873 1811 1912 etiam
1839 1874 2074 1926 prudentiam

292 1957 313 1979 a
341 1943 505 1992 principe
530 1942 650 1992 exigat
669 1941 740 1991 76),
796 1940 937 1977 Taedet
961 1940 1112 1977 verbum
1140 1940 1302 1990 proferre
1334 1940 1379 1977 de
1410 1954 1450 1977 re
1482 1942 1520 1977 in
1553 1941 1705 1991 proclivi
1737 1942 1876 1991 posita3
1912 1949 2074 1981 attamen

292 2010 463 2061 quoniam
501 2007 561 2046 ille
600 2013 756 2059 quatuor
792 2007 943 2058 paginas
975 2007 1013 2043 in
1044 2004 1114 2044 hac
1146 2005 1389 2058 disputatione
1419 2007 1640 2055 consumsit,
1681 2005 1787 2046 uobis
1816 2014 1914 2046 certe
1947 2008 2075 2049 licebit

351 2163 398 2196 75)
419 2162 551 2197 Magnam
570 2160 657 2195 hujus
678 2160 791 2195 generis
817 2160 904 2186 semel
925 2160 969 2187 vel
994 2170 1058 2187 raro
1084 2161 1224 2187 dictorum
1246 2160 1357 2196 copiam
1384 2169 1417 2186 ex
1437 2159 1584 2187 Ciceronis
1604 2160 1688 2187 libris
1715 2159 1835 2194 collegit
1854 2159 2017 2187 Eue-atius
2037 2163 2075 2187 ud

292 2216 328 2241 de
350 2214 470 2241 Oratore
490 2213 524 2239 T.
546 2212 585 2243 11,
608 2221 638 2248 p.
659 2210 823 2241 211—215;
845 2220 897 2238 uec
917 2215 1009 2238 tamen
1029 2213 1090 2248 ipse
1110 2220 1256 2238 numerum
1275 2210 1413 2237 exhausit.

349 2266 396 2300 76)
416 2265 551 2292 Reman-ks
570 2274 600 2300 p.
623 2263 692 2289 196:
719 2263 816 2293 what,
843 2263 924 2289 when
942 2273 1001 2299 yon
1019 2263 1083 2289 said
1103 2264 1155 2289 but
1165 2262 1232 2300 just
1252 2262 1365 2298 before,
1391 2262 1455 2289 flunt
1469 2262 1602 2299 fidelity,
1629 2263 1789 2300 viqilcnee,
1816 2263 1877 2289 «ud
1897 2263 1943 2289 the
1962 2263 2026 2290 love
2045 2265 2084 2301 of

294 2317 369 2344 one’s
388 2322 505 2351 country
527 2324 574 2341 are
594 2314 641 2341 the
660 2314 747 2349 only
770 2314 880 2350 things,
902 2313 965 2340 that
985 2323 1033 2339 are
1054 2318 1080 2339 to
1102 2314 1135 2339 be
1152 2312 1285 2348 required
1303 2313 1341 2348 of
1353 2314 1438 2339 man?
1458 2322 1507 2339 are
1528 2313 1576 2339 tlte
1595 2313 1704 2339 leaders
1722 2315 1753 2339 in
1773 2313 1983 2349 etates-affairs
2002 2324 2079 2341 nere

293 2369 364 2395 than
389 2377 484 2398 man,
518 2365 575 2392 arud
601 2365 774 2391 answcrable
791 2364 839 2400 for
858 2373 932 2390 inore
952 2363 1022 2390 than
1045 2364 1091 2389 the
1109 2363 1177 2399 only
1198 2363 1295 2401 llu'nys
1312 2363 1408 2390 which
1426 2373 1475 2390 are
1493 2369 1520 2390 to
1541 2365 1573 2390 be
1592 2364 1724 2401 required
1743 2364 1782 2401 of
1793 2363 1885 2391 stem!
1926 2363 1970 2392 Ge
1982 2383 1991 2396 ‚
2017 2365 2077 2401 fer-

291 2419 387 2456 qetful
407 2417 575 2448 blanden-er,
603 2426 669 2443 once
695 2426 769 2443 more
795 2415 864 2442 read
890 2424 955 2441 over
974 2414 1021 2440 tlte
1042 2413 1138 2450 places
1157 2414 1196 2450 of
1210 2414 1328 2446 Cicero,
1353 2415 1427 2451 from
1455 2416 1568 2442 whence
1585 2426 1646 2451 you
1667 2416 1732 2442 took
1752 2416 1798 2442 the
1822 2416 1990 2447 senti-nent,
2019 2417 2080 2443 aad

293 2470 374 2496 leam
392 2474 424 2497 at
443 2469 514 2496 least
533 2473 560 2496 to
582 2468 734 2495 transcribe
753 2466 830 2505 qood
847 2475 941 2496 sense,
958 2465 1043 2491 when
1061 2474 1120 2501 you
1141 2465 1212 2492 have
1230 2466 1255 2492 it
1274 2465 1369 2502 before
1386 2475 1461 2502 your
1480 2476 1544 2503 eyes
1565 2467 1595 2493 in
1613 2466 1723 2494 Fau-il.
1746 2466 1782 2493 V.
1804 2466 1843 2493 13
1864 2466 1924 2494 aad
1942 2467 2078 2505 Philipp.

294 2522 366 2548 VH.
390 2521 408 2547 7
431 2541 437 2547 .
461 2541 468 2548 .
494 2541 500 2547 .
522 2520 580 2547 had
599 2521 633 2547 he
652 2519 759 2557 eopyeel
779 2520 802 2546 it
822 2528 854 2545 as
874 2518 908 2545 he
927 2518 1018 2555 ought
1038 2523 1065 2545 to
1085 2517 1156 2544 have
1176 2517 1265 2548 done,
1292 2517 1326 2544 lue
1343 2518 1442 2545 would
1461 2524 1512 2545 not
1529 2518 1602 2545 leave
1620 2518 1700 2546 said:
1728 2529 1803 2555 quae
1821 2519 1885 2546 sola
1907 2520 1945 2546 ab
1966 2519 2080 2547 bonine

291 2583 331 2601 sn
340 2579 379 2600 nt
396 2572 588 2609 poshclamla,
610 2573 661 2598 lm!
672 2570 740 2608 just
760 2570 805 2598 the
825 2573 972 2606 contrary:
994 2579 1066 2606 quae
1084 2569 1147 2597 sola
1164 2569 1287 2605 sortasse
1305 2569 1481 2597 videntur
1498 2569 1693 2607 postulanda,
1714 2570 1764 2597 sed
1782 2580 1840 2599 non
1859 2576 1926 2598 sant
1943 2572 2033 2598 satis!

1596 2617 1648 2655 5.
