2421 2972
1142 217 1215 263 41

287 333 455 385 ejusdem·
474 336 526 372 rei
551 334 704 387 gradum
733 347 816 372 cum
844 337 981 372 minore
1007 340 1205 385 comparet,
1231 333 1296 371 sed
1322 333 1368 370 de
1395 332 1536 370 duabus
1560 332 1670 370 rebus
1697 334 1888 370 contrariis
1923 332 2078 370 alterum

286 402 404 452 potius
431 401 558 439 adesse
586 402 763 450 declaret,
797 409 836 440 ut
861 401 1035 453 Thucycl.
1066 402 1121 437 11.
1152 399 1234 437 40:
1270 400 1340 442 καὶ
1365 400 1411 441 τὸ
1435 400 1636 443 πένεσθαι
1663 398 1736 450 οὐχ
1760 398 1970 450 ὁμολογεῖν
1998 397 2079 440 τινῖ

286 468 468 522 αἰσχρὸν,
505 467 629 509 α’λλοί
665 469 720 517 m?
756 465 964 522 διαφυγεῖν
1001 469 1106 521 ἔργῳ
1144 468 1321 517 αἴσχιονε
1369 467 1468 517 quod
1503 469 1533 504 si
1571 474 1667 505 recte
1703 468 1833 504 milites
1871 468 2074 504 severiores

286 548 394 585 quam
423 536 617 585 imperator
644 535 715 572 dici
744 541 932 586 poterant,
967 536 1073 572 etiam
1098 536 1129 572 si
1156 534 1216 571 hie
1244 534 1340 571 mitis
1368 534 1489 584 potius
1516 546 1625 583 quam
1650 547 1799 571 severus
1825 533 1967 581 fuerat,
2005 547 2073 571 nec

286 600 500 639 Ciceronem
536 601 842 653 vituperabimus,
883 603 946 654 qui
983 601 1052 640 sibi
1088 601 1183 639 hanc
1219 601 1373 639 militum
1406 600 1634 638 severitatem
1668 601 1784 652 magis
1818 614 1928 652 quam
1965 601 2073 638 Bruti

284 668 432 719 probari
459 671 522 707 ait.
579 670 638 708 De
664 671 903 722 repugnantia
930 684 1089 721 quoque,
1123 684 1232 721 quam
1260 671 1354 706 inter
1380 668 1630 715 iracundiam,
1659 681 1732 718 qua
1759 667 1889 705 Cicero
1912 668 2070 706 Brutum

284 737 321 773 in
349 743 535 787 superatos
562 739 614 774 uti
641 737 748 785 velit,
791 743 827 775 et
853 738 915 774 illa
944 737 1105 788 ejusdem
1140 742 1331 788 praecepta
1366 736 1527 782 invenit,
1568 733 1705 785 quibus
1733 734 1778 772 de
1807 735 1918 772 offic.
1949 736 1982 772 Ι.
2011 734 2070 772 25

285 804 490 841 acediemlos
517 818 592 841 esse
618 811 746 855 neget,
777 806 844 856 qui
867 806 1031 856 qraviter
1057 806 1289 842 irascendum
1314 803 1474 839 inimicis
1497 807 1630 851 putent
1646 801 1724 853 89),
1756 802 1943 839 Ciceronis
1972 809 2070 840 certe

283 869 382 907 illam
415 883 559 922 quoque
593 872 804 908 sententiam
841 870 954 909 fuisse
988 869 1208 908 Ammianus
1243 870 1483 908 Marcellinus
1506 867 1562 921 90)
1602 869 1700 906 clare
1736 875 1908 916 testatur,
1953 882 2069 919 neque

283 939 412 987 opinor
439 938 553 988 major
579 938 641 974 illa
667 939 912 974 inconstantia
939 939 1072 985 suerit,
1107 951 1215 988 quam
1242 951 1314 988 qua
1342 937 1403 974 hic
1431 936 1476 972 ad
1505 935 1588 972 Att.
1615 937 1708 973 XV.
1736 935 1764 971 8
1794 936 1979 986 leqatione
2005 949 2067 972 vo-

285 1005 361 1041 tiva
392 1006 467 1041 sibi
498 1018 589 1054 opus
615 1019 691 1042 esse
717 1006 885 1054 scripsit,
926 1011 1118 1054 postquam
1148 1005 1193 1041 de
1225 1004 1344 1054 Legg.
1374 1004 1450 1039 111.
1477 1003 1505 1040 8
1539 1004 1685 1053 negavit
1710 1003 1911 1052 quidquam
1939 1016 2069 1052 reapse

284 1085 360 1109 esse
387 1072 543 1121 turpius,
574 1085 683 1123 quam
708 1072 787 1108 sine
811 1072 1075 1121 procuratione
1100 1077 1307 1108 senatorem
1336 1070 1510 1121 leqatum,
1540 1071 1619 1107 sine
1648 1070 1848 1117 inundatis,
1878 1070 1959 1106 sine
1987 1068 2067 1106 ullo

279 1137 431 1188 publico
465 1151 613 1176 munere
623 1153 636 1187 ,-
679 1139 717 1175 in
744 1139 881 1188 tertia
915 1152 999 1176 vero
1026 1138 1177 1189 epistola
1206 1138 1251 1175 de
1279 1143 1426 1175 senatus
1454 1136 1642 1185 consulto,
1681 1150 1755 1188 quo
1782 1136 1914 1175 Cicero
1942 1150 2067 1174 omnes

282 1206 403 1242 hostes
425 1206 619 1257 judicatos
647 1219 724 1242 esse
751 1211 886 1253 narrat,
921 1207 987 1258 qui
1009 1206 1070 1243 M.
1099 1206 1262 1244 Antonii
1285 1212 1420 1243 sectam
1447 1206 1565 1242 secuti
1589 1205 1677 1251 sint,
1707 1210 1829 1241 tantus
1857 1203 2068 1242 Marklaudi

280 1287 381 1310 error
407 1280 481 1320 est,
528 1279 701 1323 quantum
739 1273 797 1309 vel
831 1273 1088 1323 cupidissimus
1122 1274 1360 1310 calumniator
1394 1274 1463 1309 nisi
1497 1273 1708 1322 imprudens
1732 1273 1957 1309 committere
1993 1285 2068 1308 non

280 1341 449 1391 potuerit.
506 1339 723 1392 Legitimam
752 1341 906 1379 formam
933 1339 1030 1378 hanc
1054 1340 1213 1378 futuram
1240 1341 1352 1378 fuisse
1383 1341 1450 1377 ait:
1489 1341 1556 1393 qui
1584 1339 1647 1378 M.
1679 1339 1887 1377 Antonium
1911 1345 2066 1377 sectam-

279 1419 349 1456 que
376 1408 454 1456 ejus
483 1408 602 1443 secuti
625 1413 731 1453 sunt,
772 1407 921 1456 ejusque
953 1409 1004 1443 rei
1032 1408 1195 1456 exempla
1227 1421 1272 1444 ex
1298 1408 1407 1444 Livio
1436 1408 1535 1456 ponit
1559 1407 1672 1444 vm.
1701 1405 1777 1443 19:
1817 1419 1886 1455 pro
1912 1406 2068 1442 Funda-

279 1473 342 1509 nio
370 1473 519 1525 ejusque
546 1474 866 1520 sectam‘seeutis,
896 1473 1092 1511 XXXVI.
1120 1472 1168 1510 1:
1210 1487 1293 1510 cum
1320 1472 1508 1510 Antiocho
1536 1486 1621 1524 reqe
1656 1473 1791 1525 quique
1822 1474 1900 1523 ejus
1931 1478 2067 1509 sectam

279 1542 397 1577 secuti
421 1547 559 1587 essent,
594 1540 725 1576 XLII.
756 1539 833 1577 51:
865 1554 986 1592 reqem
1013 1541 1154 1578 Persea
1182 1543 1316 1593 quique
1342 1543 1420 1592 ejus
1444 1547 1580 1578 sectam
1606 1541 1724 1577 secuti
1747 1546 1887 1588 essent5
1924 1545 1961 1576 at
1984 1541 2065 1589 quis

278 1621 352 1647 non
388 1607 485 1645 videt
517 1607 573 1644 his
609 1607 696 1658 ipsis
732 1607 907 1657 exemplis
942 1608 1179 1660 tautologiam*
1212 1608 1333 1655 illam,
1373 1621 1483 1658 quam
1509 1607 1749 1645 Marklandus
1776 1613 1838 1644 aut
1865 1606 2064 1656 pleniorem

279 1673 562 1724 amplioremque
583 1681 645 1711 aut
669 1680 765 1712 certe
782 1676 968 1725 antiquam
989 1677 1185 1716 orationem
1198 1675 1364 1726 'appellat
1381 1675 1452 1726 91),
1484 1676 1631 1712 omnino
1650 1688 1723 1711 non
1739 1673 1880 1710 inesse?
1933 1672 2065 1723 Neque

268 1742 375 1779 enim
403 1742 551 1791 scripsit
572 1740 725 1777 Livius:
757 1742 823 1792 qui
842 1741 1070 1779 Antiochum
1093 1743 1242 1793 ejusque
1264 1747 1400 1779 sectam
1420 1742 1538 1778 secuti
1557 1746 1687 1787 essent,
1714 1739 1778 1777 sed
1797 1741 1916 1789 ipsum
1939 1752 2061 1791 regem

338 1894 385 1930 89)
406 1894 541 1922 Remu-ks
559 1903 588 1930 p.
613 1891 666 1919 184
683 1901 744 1928 sqq.
773 1877 778 1883 ι

338 1947 384 1980 90)
405 1948 495 1973 Amm.
518 1945 619 1972 XXIX.
643 1945 674 1970 5:
696 1945 802 1981 aqebat
819 1948 912 1970 autem
932 1944 1001 1970 haee
1024 1945 1190 1971 Tullianum
1210 1944 1286 1970 illud
1305 1944 1468 1974 advertens,
1490 1943 1567 1980 qnod
1584 1943 1720 1969 salutaris
1740 1943 1820 1978 riqor
1839 1942 1929 1967 vincit
1949 1943 2059 1967 inanem

283 1999 400 2035 speeiem
420 1998 597 2027 elementiae,
619 2005 690 2031 quae
711 1996 861 2022 manifesto
879 1996 1038 2031 respiciunt
1056 2000 1168 2023 nostras
1192 1995 1365 2021 vehementer
1385 2005 1403 2021 a
1424 2000 1467 2026 te,
1487 1995 1593 2025 Brute,
1615 1994 1767 2024 dissentio,
1789 2002 1878 2029 neque
1898 1993 2062 2019 elementiae

284 2056 349 2076 tuae
372 2049 510 2079 eaneedo;
540 2047 589 2074 scd
608 2048 744 2073 salutaris
766 2047 898 2073 severitas
917 2048 1007 2074 vineit
1024 2049 1135 2074 inanem
1153 2048 1271 2084 speeiem
1290 2048 1469 2077 elementiae,
1495 2048 1627 2082 quodque
1647 2047 1703 2072 levi
1724 2045 1887 2071 discrimine
1908 2046 1988 2081 rigor
2008 2055 2061 2080 pro

284 2102 428 2127 severitate
448 2099 617 2126 substitutus
638 2101 699 2128 est,
719 2098 749 2123 id
768 2098 860 2132 ipsum
881 2101 980 2124 contra
999 2098 1178 2125 Tunstallum
1197 2108 1227 2134 p.
1248 2098 1303 2124 383
1325 2098 1453 2124 ostendit
1470 2101 1566 2123 nostra
1588 2106 1644 2122 non
1666 2106 1682 2122 a
1702 2096 1817 2122 falsario
1838 2096 1969 2131 profect·
1988 2105 2061 2124 esse,

284 2154 333 2188 qui
356 2153 379 2177 si
401 2152 459 2177 veri
479 2150 625 2177 Ciceronis
653 2150 821 2175 sententiam
846 2148 1006 2175 imitatione
1034 2150 1237 2185 expressisset,
1267 2150 1329 2185 ipsa
1355 2148 1440 2174 verlm
1461 2149 1497 2174 sd
1516 2148 1601 2184 iidem
1622 2148 1780 2174 faciendum
1800 2146 1977 2173 retinuisset.
2019 2147 2063 2172 De

283 2206 425 2231 sententia
444 2213 509 2230 vero
530 2203 603 2229 illud
623 2202 736 2237 quidem
756 2205 832 2227 recte
852 2201 1051 2227 animadvertit
1072 2201 1271 2232 Marklandus,
1290 2210 1342 2236 pro
1363 2200 1531 2231 iracundia,
1554 2210 1637 2236 quam
1658 2200 1763 2226 Brutus
1783 2203 1980 2230 recusaverat,
2000 2209 2060 2225 ιιι-

286 2260 343 2282 ῑιῐο
364 2255 502 2281 vocabulo
522 2248 675 2280 salutarem
694 2253 868 2277 severitatem
886 2252 1072 2282 successisse;
1101 2255 1130 2277 at
1149 2253 1226 2287 quod
1245 2253 1275 2277 id
1294 2252 1438 2287 sophistae
1458 2252 1570 2277 scilicet
1589 2251 1634 2277 sui
1654 2251 1844 2285 negligentiae
1864 2253 1913 2275 aut
1932 2249 2061 2275 iminecil-

285 2308 360 2334 litati
380 2306 589 2342 (inadvertency
611 2313 642 2330 or
660 2312 759 2340 wronq
780 2302 865 2334 head)
884 2302 998 2333 tribuit,
1019 2304 1108 2338 ipsius
1127 2304 1223 2339 potius
1244 2306 1340 2329 tantus
1360 2307 1459 2338 stupor
1478 2303 1547 2334 suit,
1567 2306 1599 2328 ut
1618 2311 1675 2328 non
1695 2302 1880 2337 intelligeret,
1902 2311 1986 2337 quam
2007 2302 2063 2328 cal-

284 2360 343 2386 lide
362 2359 416 2385 hoc
437 2358 536 2384 Cicero
556 2355 745 2383 instituisset,
766 2357 798 2379 ut
818 2362 874 2379 non
895 2354 979 2379 modo
1000 2354 1090 2390 ipsam
1110 2356 1287 2381 severitatem
1306 2356 1538 2386 commendaret,
1565 2355 1615 2379 sed
1635 2354 1732 2379 eadem
1752 2362 1837 2389 opera
1858 2354 1939 2379 Bruti
1959 2355 2062 2379 oratio-

284 2421 349 2438 nem
368 2410 450 2447 qussi
469 2409 641 2444 corrigeret,
670 2414 786 2441 eamque
816 2414 899 2441 quam
924 2405 975 2431 ille
1002 2406 1038 2432 ad
1063 2406 1198 2433 invidiam
1219 2407 1378 2434 faciendam
1399 2406 1579 2433 iracundiam
1598 2405 1787 2442 appellasset,
1817 2405 1927 2431 veriore
1947 2405 2063 2431 nomine

284 2463 438 2490 salutarem
457 2462 630 2488 severitatem
650 2458 798 2484 dicendam
818 2465 879 2483 esse
898 2457 1040 2484 innueret.

340 2514 389 2547 91)
409 2514 545 2541 Remarks
565 2522 595 2549 p.
616 2510 667 2537 74:
701 2510 812 2543 which,
840 2509 965 2537 whether
985 2510 1009 2536 it
1026 2519 1099 2537 were
1118 2519 1193 2537 more
1211 2510 1271 2546 full
1290 2510 1348 2538 and
1367 2510 1590 2548 comprehensive
1610 2509 1679 2536 than
1701 2508 1746 2535 the
1766 2508 1846 2535 other
1866 2518 1898 2535 or
1919 2513 1984 2539 not,
2007 2518 2065 2534 was

286 2568 413 2593 however
433 2566 479 2591 the
502 2565 611 2591 antient
630 2563 722 2598 form!

1612 2611 1639 2649 6
