2308 2908
1142 169 1223 214 46

279 287 531 340 jurisconsulti
561 287 763 323 cautionem
791 289 998 334 exspectet:
1042 296 1158 335 quare
1186 284 1289 320 omni
1313 285 1437 321 studio
1471 298 1495 320 a
1528 290 1585 330 le,
1621 285 1675 320 mi
1697 284 1843 332 Brute,
1883 291 2080 338 contendo,

287 363 329 393 ut
357 355 572 393 Ciceronem
601 367 720 389 meum
747 365 793 388 ne
820 351 987 389 dimittas
1010 357 1200 403 tecumque
1226 351 1403 398 deducas,
1430 351 1532 403 quod
1555 349 1690 400 ipsum,
1712 353 1751 388 'si
1772 366 1849 391 rem
1873 355 2080 403 publicam,

288 425 350 459 cui
370 428 556 472 susceptus
580 434 631 467 es,
663 420 832 470 respicis,
862 419 933 455 tibi
946 420 1032 470 jam
1048 420 1205 470 jamque
1226 419 1444 470 faciendum
1470 423 1546 466 est,
1576 416 1639 454 ubi
1666 418 1758 455 illud
1785 420 1932 472 quidem
1956 424 2083 474 negari

285 491 430 539 nequit,
469 490 520 524 rei
548 487 716 538 publicae
748 500 823 523 non
857 486 895 522 id
927 485 1117 530 retulisse,
1151 490 1194 520 ut
1221 486 1361 522 Brutus
1392 485 1583 522 Ciceronis
1615 486 1731 523 fitium
1766 500 1892 525 secum
1922 489 2080 527 adduce·

284 564 337 593 ret
359 555 456 606 lo3),
499 554 563 591 sed
598 560 640 590 ut
671 555 749 603 ipse
785 555 823 589 in
860 552 1002 588 Italiam
1038 551 1249 599 festinaret3
1292 552 1363 588 hoc
1391 553 1511 601 ipsum
1543 558 1665 590 tamen
1692 555 1921 603 apertissime
1949 555 2080 593 Cicero

284 623 394 669 dicit,
424 634 538 672 quum
567 621 723 657 Brutum
751 625 876 671 roget,
914 631 959 654 ne
985 617 1101 654 filium
1128 631 1260 666 sunm,
1292 618 1396 669 cujus
1424 618 1620 656 adventum
1646 626 1853 671 exspectat,
1883 621 2001 659 solum
2028 624 2081 660 ire

283 690 464 739 patiatur,
504 687 570 723 sed
599 700 723 722 seeum
752 686 882 732 ducat,
913 685 952 721 h.
980 699 1015 721 e.
1045 686 1125 735 ipse
1153 698 1238 721 cum
1270 699 1314 723 eo
1346 687 1490 732 veniat,
1528 698 1646 736 neque
1670 687 1801 737 opinor
1823 687 1975 725 dubium
2003 702 2081 727 esse

282 762 438 806 poterat,
470 761 591 791 utrum
617 754 806 792 Ciceronis
833 766 879 789 au
906 752 1014 789 Bruti
1041 752 1240 790 adventum
1268 766 1328 790 res
1345 753 1493 805 publica
1520 753 1714 805 flagitaret,
1746 755 1779 791 si
1802 755 1949 806 quidem
1977 756 2081 794 illum

283 831 437 875 utroque
462 822 571 860 modo
601 823 722 859 venire
750 827 886 858 certum
916 827 1018 869 erat,
1045 820 1167 866 ‚verba
1195 827 1315 858 autem
1344 822 1446 874 qaod
1473 822 1592 872 ipsam
1616 827 1689 859 etc.
1720 822 1768 859 ad
1795 824 1974 874 posterius
2001 829 2080 862 tan-

282 898 361 927 tum
398 890 599 927 membrum
626 890 833 926 referuntur
854 889 944 941 104).
1009 889 1199 939 Epistulae
1231 891 1426 940 quintae
1452 889 1659 926 decimae
1690 889 1923 928 difficultates
1949 893 2081 941 partim

276 958 354 1008 jam
379 958 776 1008 superiustetigimus,
816 957 946 1008 partim
975 955 1169 994 historicae
1196 955 1435 1007 disputationi
1463 956 1702 995 reservandae
1724 962 1836 1005 sunt;
1876 970 1986 995 unam
2009 957 2081 997 hoc

282 1026 365 1062 loco
396 1037 696 1061 commemorasse
724 1029 905 1074 praestat,
941 1036 1014 1059 nou
1041 1029 1162 1060 tamen
1191 1030 1232 1060 ut
1257 1037 1371 1061 unum
1400 1022 1553 1061 verbum
1581 1025 1620 1060 in
1645 1023 1889 1074 explicatione
1913 1024 2077 1074 perdam,

283 1092 346 1129 sed
374 1099 414 1128 ut
440 1091 630 1128 ridendum
654 1090 850 1127 lectoribus
875 1088 1066 1141 propinem
1093 1103 1261 1128 severum
1290 1103 1500 1138 censorem,
1531 1091 1595 1141 qui
1619 1090 1678 1128 vel
1704 1090 1775 1128 hac
1802 1091 1847 1129 de
1875 1104 1987 1129 causa
2015 1091 2079 1131 Ci-

285 1173 452 1197 ceronem
484 1159 550 1195 has
581 1158 753 1208 epistolas
789 1157 949 1195 scribere
984 1159 1145 1207 potuisse
1178 1165 1311 1209 negat,
1351 1160 1436 1209 quia
1473 1157 1518 1195 de
1554 1158 1675 1209 Legg.
1705 1158 1760 1195 11.
1790 1157 1839 1195 11
1869 1158 2077 1208 Thaletem,

284 1226 344 1262 hic
379 1239 465 1263 vero
503 1224 676 1263 Solonem
710 1225 1022 1275 sapientissimam
1055 1238 1101 1262 ex
1135 1230 1273 1276 septem
1304 1226 1421 1278 fuisse
1444 1223 1589 1276 judicet
1611 1224 1711 1277 1⁰5)!
1768 1225 1854 1263 Non
1889 1239 2077 1278 quaeram,

286 1293 419 1344 quibus
454 1294 677 1344 argumentis
711 1291 952 1329 Mai-litandus
986 1291 1100 1329 libros
1134 1292 1179 1328 de
1213 1293 1378 1344 Legibus
1413 1298 1567 1330 exeunte
1595 1305 1630 1329 a.
1661 1306 1701 1341 u,
1732 1305 1767 1329 c.
1800 1292 1884 1330 709
1923 1296 2079 1345 scriptos

288 1375 367 1399 esse
395 1360 542 1407 credat,
581 1365 622 1397 ut
648 1359 738 1396 haec
765 1358 916 1409 epistola
947 1372 1148 1409 paucorum
1174 1361 1353 1397 mensium
1379 1359 1571 1397 intervallo
1596 1359 1643 1396 ab
1670 1359 1742 1397 illis
1770 1360 1897 1409 distet,
1935 1375 2008 1413 qua
2033 1362 2078 1399 de

285 1441 326 1466 re
346 1427 432 1478 jure
458 1433 582 1464 nostro
610 1439 708 1463 nunc
735 1425 838 1463 aliter
862 1431 1019 1463 statuere
1048 1426 1214 1464 videmur
1236 1427 1337 1478 106),
1368 1426 1433 1464 sed
1460 1432 1501 1464 ut
1522 1426 1592 1472 sit,
1622 1426 1660 1462 in
1687 1425 1820 1464 talibus
1847 1427 2078 1478 superlativis

287 1508 362 1532 non
390 1495 507 1545 magis
540 1492 784 1544 argutandum
815 1499 891 1540 est,
932 1506 1042 1543 quam
1076 1494 1107 1530 si
1136 1493 1267 1531 Cicero
1298 1495 1337 1530 iu
1372 1493 1486 1530 literis
1522 1492 1836 1531 commendatoriis
1873 1495 1980 1533 modo
2008 1494 2078 1534 hoc

286 1561 396 1600 modo
422 1561 487 1599 illo
514 1560 662 1598 homine
689 1572 763 1597 uno
795 1559 956 1596 omnium
988 1560 1282 1611 familiarissime
1312 1573 1352 1597 se
1380 1560 1440 1596 uti
1465 1558 1614 1608 scribit,
1646 1559 1706 1597 vel
1731 1559 1778 1597 ab
1805 1560 1886 1598 aliis
1913 1561 1983 1599 alia
2015 1575 2078 1613 pe-

284 1637 366 1667 tens
402 1628 530 1666 eodem
568 1634 731 1678 tempore
766 1627 911 1678 qratia-s
945 1627 1021 1663 sibi
1055 1628 1256 1679 quidquam
1290 1627 1460 1664 accidere
1491 1640 1600 1676 posse
1635 1633 1767 1679 negat,
1807 1640 1900 1680 quae
1932 1630 1996 1681 qui
2030 1629 2078 1667 ad

285 1710 447 1747 unguem
473 1697 616 1745 exigat,
655 1708 781 1732 vereor
808 1700 849 1731 ut
876 1707 921 1730 ex
949 1699 1050 1731 tanto
1078 1695 1312 1744 epistolarum
1337 1707 1490 1731 numero
1520 1694 1653 1731 multas
1680 1696 1854 1744 retineat,
1884 1710 1978 1747 quae
2003 1711 2078 1735 non

284 1764 405 1813 aliqua
442 1777 481 1800 re
517 1762 598 1798 aliis
633 1774 839 1810 repugnare
875 1759 1081 1797 videantur.
1145 1762 1191 1797 In
1228 1761 1612 1797 duodevicesima
1648 1761 1804 1812 denique
1836 1764 1919 1812 quis
1954 1763 2078 1800 credat

283 1831 428 1880 utrique
461 1829 605 1866 censori
633 1827 830 1878 plurimum
867 1827 1002 1877 negotii
1032 1826 1161 1864 fecisse
1195 1827 1284 1866 haec
1316 1826 1446 1865 verba:
1491 1829 1652 1865 maximo
1685 1834 1809 1867 aulem
1838 1842 1950 1881 quum
1985 1830 2077 1868 haec

323 1953 388 1986 103)
411 1953 475 1980 Huc
499 1953 574 1979 enim
599 1952 675 1978 redit
702 1952 794 1978 omnis
814 1950 977 1978 Mnklandi
1005 1951 1149 1979 cavillatio
1175 1960 1203 1988 p.
1226 1950 1296 1977 205:
1331 1949 1425 1978 which
1451 1950 1545 1977 words
1570 1951 1650 1977 make
1679 1951 1725 1978 tlte
1754 1951 1847 1988 safety
1874 1952 1913 1988 of
1932 1952 1979 1979 the
2003 1959 2077 1980 state

284 2003 395 2042 depend
415 2013 493 2042 upon
514 2012 613 2042 young]
637 2001 762 2030 cicero’s
783 2002 866 2041 being]
888 2003 1029 2042 brouqhu
1059 2003 1153 2031 which
1179 2002 1277 2031 ivould
1296 2002 1368 2030 have
1393 2002 1460 2030 been
1486 2012 1504 2030 a
1523 2007 1594 2030 niest
1615 2003 1684 2031 vain
1704 2001 1764 2031 and
1782 2003 1892 2041 foolislt
1912 2004 2014 2043 thing,
2044 2015 2075 2033 us

282 2057 351 2083 well
371 2065 403 2082 as
422 2056 513 2092 salse,
533 2054 583 2090 sor
604 2054 705 2080 Cicero
728 2054 775 2080 the
791 2054 889 2090 father
908 2060 936 2081 to
957 2056 1029 2082 have
1049 2055 1132 2082 said!

323 2109 390 2142 ¹04)
411 2108 566 2134 Difficilior
586 2116 672 2133 caus·
692 2110 735 2133 est
754 2107 861 2141 gemini
881 2108 939 2134 loci
958 2108 983 2133 1.
1007 2108 1057 2133 1⁴22
1091 2114 1179 2134 tecum
1199 2111 1271 2135 enim
1291 2109 1374 2134 illam
1397 2114 1431 2134 ee
1457 2113 1490 2134 te
1509 2109 1540 2133 ιἰι
1560 2108 1681 2134 Italian·
1702 2108 1828 2135 celeriter
1848 2118 1905 2135 esse
1925 2114 2075 2135 venturum

282 2159 411 2196 conlido,
440 2159 516 2186 unde
538 2158 606 2185 satis
626 2158 748 2185 ridicule
769 2157 934 2185 Tunstallns
955 2158 1075 2186 Observ.
1096 2169 1127 2195 p.
1149 2159 1204 2187 382
1225 2160 1309 2187 νει-1η
1330 2165 1357 2187 et
1378 2165 1404 2186 te
1423 2160 1453 2186 in
1474 2162 1602 2186 nostrum
1623 2160 1774 2186 noussen-i
1793 2159 1898 2186 voluit:
1930 2165 2075 2197 tecumque

281 2218 307 2240 et
329 2218 355 2239 te
375 2211 481 2238 ducas!
520 2209 683 2237 Middleton
704 2218 767 2236 cum
788 2209 928 2237 Lambino
955 2212 1051 2238 eadem
1078 2220 1193 2248 prorsus
1219 2212 1321 2249 ejecit;
1356 2211 1484 2239 Orellius
1510 2219 1574 2237 cum
1600 2208 1731 2237 Manutio
1758 2211 1854 2238 malit:
1885 2216 1976 2239 tecum
2002 2213 2074 2238 enim

280 2265 364 2290 inam
384 2273 441 2290 esse
462 2264 492 2288 ιἰι
512 2261 634 2288 Italiam
652 2266 801 2288 venturum
820 2262 949 2298 confidem
980 2263 1110 2298 equidem
1135 2268 1228 2290 tamen
1253 2265 1344 2299 ipsam
1365 2264 1429 2290 cod.
1451 2263 1604 2288 lectionem
1624 2263 1665 2289 ita
1685 2266 1782 2294 tuear,
1807 2266 1840 2290 nt
1859 2263 1959 2289 Cicero
1980 2263 2073 2299 dupli—

280 2326 340 2342 cem
364 2324 442 2350 spem
462 2318 491 2340 et
511 2315 546 2340 de
567 2313 622 2339 filii
643 2314 768 2339 adventu
788 2322 851 2339 cum
872 2313 960 2339 Bruto
981 2317 1008 2338 et
1028 2314 1062 2339 de
1082 2314 1169 2350 liujus
1189 2315 1279 2350 ipsius
1299 2315 1437 2340 adventus
1457 2314 1604 2340 celeritate
1625 2314 1809 2350 conjunxisse
1829 2315 1969 2340 videatur.

319 2368 387 2400 105)
406 2367 543 2392 Remnrks
562 2375 593 2400 p.
618 2365 688 2390 13οι
722 2365 755 2399 if
775 2365 822 2390 the
848 2370 908 2390 true
936 2365 1035 2391 Cicero
1062 2372 1149 2392 wrote
1174 2366 1248 2396 thie,
1277 2366 1311 2391 he
1331 2371 1406 2391 must
1424 2366 1496 2391 have
1513 2367 1660 2402 strangely
1679 2366 1782 2403 fur-302
1801 2366 1922 2400 himself
1937 2384 1944 2391 .
1967 2384 1974 2391 .
1999 2385 2005 2390 .
2028 2366 2073 2392 tlte

280 2416 490 2446 contradiction
510 2417 534 2444 is
554 2425 585 2443 m
605 2415 757 2452 manifest,
786 2414 850 2441 that
869 2425 921 2442 one
941 2416 979 2452 of
994 2417 1039 2444 the
1060 2422 1114 2444 tiva
1138 2413 1262 2444 Ciee'ro's
1280 2422 1355 2443 must
1374 2417 1437 2443 here
1458 2418 1491 2444 be
1510 2417 1600 2444 under
1620 2428 1638 2444 a
1656 2423 1741 2454 qreat
1758 2417 1893 2444 mintake!

318 2469 383 2504 106)
404 2468 451 2495 Cf.
473 2467 614 2505 imprimis
634 2466 756 2494 Bnkinm
772 2466 803 2493 in
823 2466 892 2495 edit.
915 2466 1009 2503 Lngd.
1034 2467 1125 2502 1842,
1145 2478 1175 2507 p.
1192 2478 1338 2502 xv—xxn,
1369 2468 1415 2497 cui
1436 2477 1486 2497 cur
1506 2477 1558 2505 ego
1580 2477 1694 2506 quoque
1714 2468 1871 2506 astipuler,
1898 2468 2071 2505 peculiarem

278 2523 415 2548 rationem
437 2520 523 2546 attuli
542 2520 572 2545 in
593 2520 628 2546 G.
651 2519 688 2547 G.
708 2520 742 2546 A.
767 2518 851 2551 1843,
869 2528 900 2558 p.
922 2518 1003 2544 1053.
