<?xml version="1.0" encoding="UTF-8"?>
<!DOCTYPE html PUBLIC "-//W3C//DTD XHTML 1.0 Transitional//EN"
    "http://www.w3.org/TR/xhtml1/DTD/xhtml1-transitional.dtd">
<html xmlns="http://www.w3.org/1999/xhtml" xml:lang="en" lang="en">
 <head>
  <title>
</title>
<meta http-equiv="Content-Type" content="text/html;charset=utf-8" />
  <meta name='ocr-system' content='tesseract 3.04.00' />
  <meta name='ocr-capabilities' content='ocr_page ocr_carea ocr_par ocr_line ocrx_word'/>
</head>
<body>
  <div class='ocr_page' id='page_1' title='image "./4624102_0031.png"; bbox 0 0 2421 2972; ppageno 0'>
   <div class='ocr_carea' id='block_1_1' title="bbox 253 329 2047 2247">
    <p class='ocr_par' dir='ltr' id='par_1_1' title="bbox 253 329 2047 2247">
     <span class='ocr_line' id='line_1_1' title="bbox 262 329 2044 382; baseline 0 -14"><span class='ocrx_word' id='word_1_1' title='bbox 262 343 372 382; x_wconf 87' lang='lat' dir='ltr'>quam</span> <span class='ocrx_word' id='word_1_2' title='bbox 396 329 572 368; x_wconf 88' lang='lat' dir='ltr'>universis</span> <span class='ocrx_word' id='word_1_3' title='bbox 602 329 676 367; x_wconf 87' lang='lat' dir='ltr'>illis</span> <span class='ocrx_word' id='word_1_4' title='bbox 702 329 859 368; x_wconf 78' lang='lat' dir='ltr'>sedecim</span> <span class='ocrx_word' id='word_1_5' title='bbox 888 329 1078 369; x_wconf 81' lang='lat' dir='ltr'>Ciceronis</span> <span class='ocrx_word' id='word_1_6' title='bbox 1103 330 1359 381; x_wconf 71' lang='lat' dir='ltr'>exprobravit,</span> <span class='ocrx_word' id='word_1_7' title='bbox 1397 330 1530 381; x_wconf 88' lang='lat' dir='ltr'>quibus</span> <span class='ocrx_word' id='word_1_8' title='bbox 1557 330 1727 368; x_wconf 88' lang='lat' dir='ltr'>omnibus</span> <span class='ocrx_word' id='word_1_9' title='bbox 1754 329 2044 381; x_wconf 76' lang='lat' dir='ltr'>comprehensis,</span> 
     </span>
     <span class='ocr_line' id='line_1_2' title="bbox 261 396 2046 449; baseline -0.001 -13"><span class='ocrx_word' id='word_1_10' title='bbox 261 410 375 448; x_wconf 85' lang='lat' dir='ltr'>quum</span> <span class='ocrx_word' id='word_1_11' title='bbox 409 404 445 436; x_wconf 87' lang='lat' dir='ltr'>et</span> <span class='ocrx_word' id='word_1_12' title='bbox 478 398 625 435; x_wconf 92' lang='lat' dir='ltr'>omnino</span> <span class='ocrx_word' id='word_1_13' title='bbox 660 398 882 448; x_wconf 74' lang='lat' dir='ltr'>iniquissime</span> <span class='ocrx_word' id='word_1_14' title='bbox 915 397 1079 435; x_wconf 80' lang='lat' dir='ltr'>facturus</span> <span class='ocrx_word' id='word_1_15' title='bbox 1114 399 1181 442; x_wconf 90' lang='lat' dir='ltr'>sit,</span> <span class='ocrx_word' id='word_1_16' title='bbox 1219 399 1285 447; x_wconf 91' lang='lat' dir='ltr'>qui</span> <span class='ocrx_word' id='word_1_17' title='bbox 1319 399 1358 434; x_wconf 91' lang='lat' dir='ltr'>in</span> <span class='ocrx_word' id='word_1_18' title='bbox 1393 398 1552 447; x_wconf 88' lang='lat' dir='ltr'>epistolis</span> <span class='ocrx_word' id='word_1_19' title='bbox 1576 397 1670 448; x_wconf 87' lang='lat' dir='ltr'>justi</span> <span class='ocrx_word' id='word_1_20' title='bbox 1704 396 1788 435; x_wconf 83' lang='lat' dir='ltr'>libri</span> <span class='ocrx_word' id='word_1_21' title='bbox 1819 397 2046 449; x_wconf 73' lang='lat' dir='ltr'>diligentiam</span> 
     </span>
     <span class='ocr_line' id='line_1_3' title="bbox 261 462 2046 516; baseline 0 -14"><span class='ocrx_word' id='word_1_22' title='bbox 261 465 394 516; x_wconf 83' lang='lat' dir='ltr'>exigat,</span> <span class='ocrx_word' id='word_1_23' title='bbox 424 477 541 514; x_wconf 91' lang='lat' dir='ltr'>neque</span> <span class='ocrx_word' id='word_1_24' title='bbox 568 463 736 514; x_wconf 78' lang='lat' dir='ltr'>aequales</span> <span class='ocrx_word' id='word_1_25' title='bbox 761 462 949 501; x_wconf 88' lang='lat' dir='ltr'>Ciceronis</span> <span class='ocrx_word' id='word_1_26' title='bbox 976 462 1127 503; x_wconf 80' lang='lat' dir='ltr'>eandem</span> <span class='ocrx_word' id='word_1_27' title='bbox 1154 476 1280 501; x_wconf 88' lang='lat' dir='ltr'>omnes</span> <span class='ocrx_word' id='word_1_28' title='bbox 1307 462 1353 500; x_wconf 89' lang='lat' dir='ltr'>ad</span> <span class='ocrx_word' id='word_1_29' title='bbox 1380 462 1451 501; x_wconf 88' lang='lat' dir='ltr'>hoc</span> <span class='ocrx_word' id='word_1_30' title='bbox 1477 477 1592 514; x_wconf 86' lang='lat' dir='ltr'>genus</span> <span class='ocrx_word' id='word_1_31' title='bbox 1616 477 1740 501; x_wconf 86' lang='lat' dir='ltr'>curam</span> <span class='ocrx_word' id='word_1_32' title='bbox 1767 464 1930 502; x_wconf 86' lang='lat' dir='ltr'>attulisse</span> <span class='ocrx_word' id='word_1_33' title='bbox 1958 477 2046 502; x_wconf 86' lang='lat' dir='ltr'>con·</span> 
     </span>
     <span class='ocr_line' id='line_1_4' title="bbox 261 529 2047 583; baseline 0.001 -14"><span class='ocrx_word' id='word_1_34' title='bbox 261 538 353 578; x_wconf 80' lang='lat' dir='ltr'>stet,</span> <span class='ocrx_word' id='word_1_35' title='bbox 395 532 514 581; x_wconf 86' lang='lat' dir='ltr'>ipsum</span> <span class='ocrx_word' id='word_1_36' title='bbox 547 529 701 581; x_wconf 89' lang='lat' dir='ltr'>denique</span> <span class='ocrx_word' id='word_1_37' title='bbox 733 530 958 582; x_wconf 82' lang='lat' dir='ltr'>singularum</span> <span class='ocrx_word' id='word_1_38' title='bbox 984 543 1220 581; x_wconf 86' lang='lat' dir='ltr'>personarum</span> <span class='ocrx_word' id='word_1_39' title='bbox 1253 529 1447 567; x_wconf 85' lang='lat' dir='ltr'>discrimen</span> <span class='ocrx_word' id='word_1_40' title='bbox 1468 531 1718 580; x_wconf 85' lang='lat' dir='ltr'>suspicionem</span> <span class='ocrx_word' id='word_1_41' title='bbox 1746 531 1829 568; x_wconf 81' lang='lat' dir='ltr'>salsi</span> <span class='ocrx_word' id='word_1_42' title='bbox 1856 532 2047 583; x_wconf 86' lang='lat' dir='ltr'>insigniter</span> 
     </span>
     <span class='ocr_line' id='line_1_5' title="bbox 259 596 2045 647; baseline 0.001 -12"><span class='ocrx_word' id='word_1_43' title='bbox 259 598 398 644; x_wconf 89' lang='lat' dir='ltr'>elevet,</span> <span class='ocrx_word' id='word_1_44' title='bbox 437 597 494 634; x_wconf 84' lang='lat' dir='ltr'>vel</span> <span class='ocrx_word' id='word_1_45' title='bbox 521 598 551 633; x_wconf 90' lang='lat' dir='ltr'>si</span> <span class='ocrx_word' id='word_1_46' title='bbox 579 596 666 647; x_wconf 90' lang='lat' dir='ltr'>quid</span> <span class='ocrx_word' id='word_1_47' title='bbox 692 598 811 634; x_wconf 89' lang='lat' dir='ltr'>minus</span> <span class='ocrx_word' id='word_1_48' title='bbox 846 597 1024 634; x_wconf 86' lang='lat' dir='ltr'>concinne</span> <span class='ocrx_word' id='word_1_49' title='bbox 1048 603 1112 634; x_wconf 91' lang='lat' dir='ltr'>aut</span> <span class='ocrx_word' id='word_1_50' title='bbox 1137 597 1282 635; x_wconf 79' lang='lat' dir='ltr'>insolite</span> <span class='ocrx_word' id='word_1_51' title='bbox 1313 597 1451 634; x_wconf 91' lang='lat' dir='ltr'>dictum</span> <span class='ocrx_word' id='word_1_52' title='bbox 1478 598 1701 643; x_wconf 89' lang='lat' dir='ltr'>occurrerit,</span> <span class='ocrx_word' id='word_1_53' title='bbox 1738 599 1952 647; x_wconf 77' lang='lat' dir='ltr'>promtiores</span> <span class='ocrx_word' id='word_1_54' title='bbox 1976 611 2045 637; x_wconf 86' lang='lat' dir='ltr'>nos</span> 
     </span>
     <span class='ocr_line' id='line_1_6' title="bbox 259 662 2044 715; baseline 0.001 -14"><span class='ocrx_word' id='word_1_55' title='bbox 259 664 307 704; x_wconf 83' lang='lat' dir='ltr'>ad</span> <span class='ocrx_word' id='word_1_56' title='bbox 333 664 598 702; x_wconf 86' lang='lat' dir='ltr'>excusationem</span> <span class='ocrx_word' id='word_1_57' title='bbox 625 677 734 714; x_wconf 89' lang='lat' dir='ltr'>quam</span> <span class='ocrx_word' id='word_1_58' title='bbox 762 663 1097 702; x_wconf 77' lang='lat' dir='ltr'>condemnationem</span> <span class='ocrx_word' id='word_1_59' title='bbox 1121 677 1200 702; x_wconf 91' lang='lat' dir='ltr'>esse</span> <span class='ocrx_word' id='word_1_60' title='bbox 1224 669 1391 715; x_wconf 87' lang='lat' dir='ltr'>oportere</span> <span class='ocrx_word' id='word_1_61' title='bbox 1417 662 1588 701; x_wconf 78' lang='lat' dir='ltr'>arbitror.</span> <span class='ocrx_word' id='word_1_62' title='bbox 1644 662 1864 714; x_wconf 81' lang='lat' dir='ltr'>Quanquam</span> <span class='ocrx_word' id='word_1_63' title='bbox 1890 678 1937 703; x_wconf 87' lang='lat' dir='ltr'>ne</span> <span class='ocrx_word' id='word_1_64' title='bbox 1963 664 2044 704; x_wconf 86' lang='lat' dir='ltr'>illo·</span> 
     </span>
     <span class='ocr_line' id='line_1_7' title="bbox 259 729 2045 782; baseline 0 -14"><span class='ocrx_word' id='word_1_65' title='bbox 259 744 339 768; x_wconf 91' lang='lat' dir='ltr'>rum</span> <span class='ocrx_word' id='word_1_66' title='bbox 365 730 534 782; x_wconf 89' lang='lat' dir='ltr'>quidem,</span> <span class='ocrx_word' id='word_1_67' title='bbox 571 731 610 768; x_wconf 89' lang='lat' dir='ltr'>in</span> <span class='ocrx_word' id='word_1_68' title='bbox 636 730 771 782; x_wconf 89' lang='lat' dir='ltr'>quibus</span> <span class='ocrx_word' id='word_1_69' title='bbox 795 730 1005 769; x_wconf 80' lang='lat' dir='ltr'>Marklandi</span> <span class='ocrx_word' id='word_1_70' title='bbox 1031 743 1141 769; x_wconf 89' lang='lat' dir='ltr'>nasus</span> <span class='ocrx_word' id='word_1_71' title='bbox 1167 730 1339 779; x_wconf 83' lang='lat' dir='ltr'>offendit,</span> <span class='ocrx_word' id='word_1_72' title='bbox 1376 743 1419 768; x_wconf 91' lang='lat' dir='ltr'>ea</span> <span class='ocrx_word' id='word_1_73' title='bbox 1451 730 1667 781; x_wconf 89' lang='lat' dir='ltr'>plerumque</span> <span class='ocrx_word' id='word_1_74' title='bbox 1694 729 1859 768; x_wconf 89' lang='lat' dir='ltr'>condicio</span> <span class='ocrx_word' id='word_1_75' title='bbox 1890 738 1966 778; x_wconf 88' lang='lat' dir='ltr'>est,</span> <span class='ocrx_word' id='word_1_76' title='bbox 2003 740 2045 768; x_wconf 83' lang='lat' dir='ltr'>ut</span> 
     </span>
     <span class='ocr_line' id='line_1_8' title="bbox 259 796 2043 848; baseline 0.002 -13"><span class='ocrx_word' id='word_1_77' title='bbox 259 798 524 835; x_wconf 86' lang='lat' dir='ltr'>excusationem</span> <span class='ocrx_word' id='word_1_78' title='bbox 551 799 667 848; x_wconf 84' lang='lat' dir='ltr'>magis</span> <span class='ocrx_word' id='word_1_79' title='bbox 693 811 802 848; x_wconf 90' lang='lat' dir='ltr'>quam</span> <span class='ocrx_word' id='word_1_80' title='bbox 826 796 1101 847; x_wconf 74' lang='lat' dir='ltr'>explicationem</span> <span class='ocrx_word' id='word_1_81' title='bbox 1131 797 1318 848; x_wconf 80' lang='lat' dir='ltr'>flagitent,</span> <span class='ocrx_word' id='word_1_82' title='bbox 1354 810 1422 834; x_wconf 90' lang='lat' dir='ltr'>nec</span> <span class='ocrx_word' id='word_1_83' title='bbox 1449 798 1481 833; x_wconf 91' lang='lat' dir='ltr'>si</span> <span class='ocrx_word' id='word_1_84' title='bbox 1508 796 1665 847; x_wconf 81' lang='lat' dir='ltr'>singulis</span> <span class='ocrx_word' id='word_1_85' title='bbox 1692 797 1865 848; x_wconf 81' lang='lat' dir='ltr'>exemplis</span> <span class='ocrx_word' id='word_1_86' title='bbox 1892 812 1912 835; x_wconf 91' lang='lat' dir='ltr'>e</span> <span class='ocrx_word' id='word_1_87' title='bbox 1935 798 2043 837; x_wconf 82' lang='lat' dir='ltr'>Cice-</span> 
     </span>
     <span class='ocr_line' id='line_1_9' title="bbox 258 863 2042 915; baseline 0.001 -13"><span class='ocrx_word' id='word_1_88' title='bbox 258 878 347 905; x_wconf 88' lang='lat' dir='ltr'>rone</span> <span class='ocrx_word' id='word_1_89' title='bbox 377 871 544 913; x_wconf 79' lang='lat' dir='ltr'>careant,</span> <span class='ocrx_word' id='word_1_90' title='bbox 582 871 645 903; x_wconf 89' lang='lat' dir='ltr'>aut</span> <span class='ocrx_word' id='word_1_91' title='bbox 670 864 823 903; x_wconf 90' lang='lat' dir='ltr'>aliorum</span> <span class='ocrx_word' id='word_1_92' title='bbox 850 865 1068 915; x_wconf 88' lang='lat' dir='ltr'>scriptorum</span> <span class='ocrx_word' id='word_1_93' title='bbox 1095 866 1308 903; x_wconf 86' lang='lat' dir='ltr'>testimoniis</span> <span class='ocrx_word' id='word_1_94' title='bbox 1334 871 1398 902; x_wconf 87' lang='lat' dir='ltr'>aut</span> <span class='ocrx_word' id='word_1_95' title='bbox 1424 865 1595 902; x_wconf 78' lang='lat' dir='ltr'>universa</span> <span class='ocrx_word' id='word_1_96' title='bbox 1622 863 1749 901; x_wconf 87' lang='lat' dir='ltr'>Latini</span> <span class='ocrx_word' id='word_1_97' title='bbox 1775 866 1953 903; x_wconf 89' lang='lat' dir='ltr'>sermonis</span> <span class='ocrx_word' id='word_1_98' title='bbox 1986 867 2042 903; x_wconf 92' lang='lat' dir='ltr'>in-</span> 
     </span>
     <span class='ocr_line' id='line_1_10' title="bbox 258 930 2043 983; baseline -0.001 -13"><span class='ocrx_word' id='word_1_99' title='bbox 258 931 340 971; x_wconf 82' lang='lat' dir='ltr'>dole</span> <span class='ocrx_word' id='word_1_100' title='bbox 366 944 410 969; x_wconf 85' lang='lat' dir='ltr'>ac</span> <span class='ocrx_word' id='word_1_101' title='bbox 436 937 562 969; x_wconf 89' lang='lat' dir='ltr'>natura</span> <span class='ocrx_word' id='word_1_102' title='bbox 593 930 844 968; x_wconf 80' lang='lat' dir='ltr'>destituantur.</span> <span class='ocrx_word' id='word_1_103' title='bbox 902 931 990 980; x_wconf 89' lang='lat' dir='ltr'>Sic,</span> <span class='ocrx_word' id='word_1_104' title='bbox 1024 937 1065 969; x_wconf 92' lang='lat' dir='ltr'>ut</span> <span class='ocrx_word' id='word_1_105' title='bbox 1088 931 1162 983; x_wconf 87' lang='lat' dir='ltr'>jam</span> <span class='ocrx_word' id='word_1_106' title='bbox 1188 933 1359 982; x_wconf 40' lang='lat' dir='ltr'>primum·</span> <span class='ocrx_word' id='word_1_107' title='bbox 1375 931 1534 981; x_wconf 86' lang='lat' dir='ltr'>reliquas</span> <span class='ocrx_word' id='word_1_108' title='bbox 1563 937 1725 968; x_wconf 82' lang='lat' dir='ltr'>sextae</span> <span class='ocrx_word' id='word_1_109' title='bbox 1752 930 1961 968; x_wconf 80' lang='lat' dir='ltr'>decimae</span> <span class='ocrx_word' id='word_1_110' title='bbox 1986 946 2043 970; x_wconf 87' lang='lat' dir='ltr'>re·</span> 
     </span>
     <span class='ocr_line' id='line_1_11' title="bbox 257 997 2043 1051; baseline 0.001 -15"><span class='ocrx_word' id='word_1_111' title='bbox 257 998 517 1049; x_wconf 86' lang='lat' dir='ltr'>prehensiones</span> <span class='ocrx_word' id='word_1_112' title='bbox 534 997 797 1045; x_wconf 76' lang='lat' dir='ltr'>absolvamus,</span> <span class='ocrx_word' id='word_1_113' title='bbox 837 998 946 1046; x_wconf 88' lang='lat' dir='ltr'>haec,</span> <span class='ocrx_word' id='word_1_114' title='bbox 982 998 1117 1049; x_wconf 88' lang='lat' dir='ltr'>quibus</span> <span class='ocrx_word' id='word_1_115' title='bbox 1140 998 1201 1036; x_wconf 86' lang='lat' dir='ltr'>ille</span> <span class='ocrx_word' id='word_1_116' title='bbox 1226 1012 1372 1036; x_wconf 89' lang='lat' dir='ltr'>sensum</span> <span class='ocrx_word' id='word_1_117' title='bbox 1396 999 1512 1035; x_wconf 86' lang='lat' dir='ltr'>inesse</span> <span class='ocrx_word' id='word_1_118' title='bbox 1539 1004 1648 1048; x_wconf 85' lang='lat' dir='ltr'>negat</span> <span class='ocrx_word' id='word_1_119' title='bbox 1668 997 1747 1049; x_wconf 59' lang='lat'>55),</span> <span class='ocrx_word' id='word_1_120' title='bbox 1789 999 1936 1036; x_wconf 79' lang='lat' dir='ltr'>vindici</span> <span class='ocrx_word' id='word_1_121' title='bbox 1961 1001 2043 1051; x_wconf 78' lang='lat' dir='ltr'>qui-</span> 
     </span>
     <span class='ocr_line' id='line_1_12' title="bbox 258 1063 2043 1116; baseline 0.001 -13"><span class='ocrx_word' id='word_1_122' title='bbox 258 1067 341 1103; x_wconf 88' lang='lat' dir='ltr'>dem</span> <span class='ocrx_word' id='word_1_123' title='bbox 368 1065 513 1102; x_wconf 83' lang='lat' dir='ltr'>alienae</span> <span class='ocrx_word' id='word_1_124' title='bbox 540 1064 819 1111; x_wconf 70' lang='lat' dir='ltr'>dominationis,</span> <span class='ocrx_word' id='word_1_125' title='bbox 850 1078 926 1102; x_wconf 78' lang='lat' dir='ltr'>non</span> <span class='ocrx_word' id='word_1_126' title='bbox 953 1065 1111 1112; x_wconf 85' lang='lat' dir='ltr'>vicario,</span> <span class='ocrx_word' id='word_1_127' title='bbox 1143 1065 1267 1116; x_wconf 83' lang='lat' dir='ltr'>ecquis</span> <span class='ocrx_word' id='word_1_128' title='bbox 1288 1063 1488 1114; x_wconf 77' lang='lat' dir='ltr'>supplicat,</span> <span class='ocrx_word' id='word_1_129' title='bbox 1522 1070 1563 1102; x_wconf 80' lang='lat' dir='ltr'>ut</span> <span class='ocrx_word' id='word_1_130' title='bbox 1593 1065 1730 1115; x_wconf 81' lang='lat' dir='ltr'>optime</span> <span class='ocrx_word' id='word_1_131' title='bbox 1759 1066 1901 1102; x_wconf 73' lang='lat' dir='ltr'>meritis</span> <span class='ocrx_word' id='word_1_132' title='bbox 1926 1066 1974 1103; x_wconf 81' lang='lat' dir='ltr'>de</span> <span class='ocrx_word' id='word_1_133' title='bbox 2000 1080 2043 1104; x_wconf 83' lang='lat' dir='ltr'>re</span> 
     </span>
     <span class='ocr_line' id='line_1_13' title="bbox 255 1129 2040 1182; baseline 0.001 -13"><span class='ocrx_word' id='word_1_134' title='bbox 255 1132 407 1182; x_wconf 80' lang='lat' dir='ltr'>publica</span> <span class='ocrx_word' id='word_1_135' title='bbox 438 1131 550 1169; x_wconf 84' lang='lat' dir='ltr'>liceat</span> <span class='ocrx_word' id='word_1_136' title='bbox 575 1144 652 1169; x_wconf 78' lang='lat' dir='ltr'>esse</span> <span class='ocrx_word' id='word_1_137' title='bbox 681 1131 819 1169; x_wconf 80' lang='lat' dir='ltr'>salvis?</span> <span class='ocrx_word' id='word_1_138' title='bbox 855 1131 929 1182; x_wconf 83' lang='lat' dir='ltr'>jam</span> <span class='ocrx_word' id='word_1_139' title='bbox 955 1131 1116 1170; x_wconf 85' lang='lat' dir='ltr'>Orellius</span> <span class='ocrx_word' id='word_1_140' title='bbox 1143 1130 1244 1168; x_wconf 86' lang='lat' dir='ltr'>nulla</span> <span class='ocrx_word' id='word_1_141' title='bbox 1278 1129 1525 1169; x_wconf 90' lang='lat' dir='ltr'>emendatione</span> <span class='ocrx_word' id='word_1_142' title='bbox 1557 1144 1664 1182; x_wconf 82' lang='lat' dir='ltr'>egere</span> <span class='ocrx_word' id='word_1_143' title='bbox 1691 1132 1853 1179; x_wconf 89' lang='lat' dir='ltr'>monuit,</span> <span class='ocrx_word' id='word_1_144' title='bbox 1892 1132 2040 1171; x_wconf 83' lang='lat' dir='ltr'>laudato</span> 
     </span>
     <span class='ocr_line' id='line_1_14' title="bbox 256 1196 2038 1249; baseline 0 -13"><span class='ocrx_word' id='word_1_145' title='bbox 256 1197 413 1240; x_wconf 69' lang='lat' dir='ltr'>Uli-iobii</span> <span class='ocrx_word' id='word_1_146' title='bbox 439 1204 703 1249; x_wconf 77' lang='lat' dir='ltr'>programmate</span> <span class='ocrx_word' id='word_1_147' title='bbox 729 1198 926 1235; x_wconf 83' lang='lat' dir='ltr'>Turicensi</span> <span class='ocrx_word' id='word_1_148' title='bbox 949 1211 985 1234; x_wconf 88' lang='lat' dir='ltr'>a.</span> <span class='ocrx_word' id='word_1_149' title='bbox 1012 1196 1146 1244; x_wconf 84' lang='lat'>1797,</span> <span class='ocrx_word' id='word_1_150' title='bbox 1176 1197 1275 1247; x_wconf 89' lang='lat' dir='ltr'>quod</span> <span class='ocrx_word' id='word_1_151' title='bbox 1301 1210 1368 1234; x_wconf 91' lang='lat' dir='ltr'>nec</span> <span class='ocrx_word' id='word_1_152' title='bbox 1394 1198 1482 1234; x_wconf 89' lang='lat' dir='ltr'>mihi</span> <span class='ocrx_word' id='word_1_153' title='bbox 1510 1211 1578 1234; x_wconf 92' lang='lat' dir='ltr'>nec</span> <span class='ocrx_word' id='word_1_154' title='bbox 1603 1198 1880 1248; x_wconf 84' lang='lat' dir='ltr'>diligentissimo</span> <span class='ocrx_word' id='word_1_155' title='bbox 1906 1199 2038 1236; x_wconf 82' lang='lat' dir='ltr'>harum</span> 
     </span>
     <span class='ocr_line' id='line_1_15' title="bbox 255 1262 2038 1315; baseline 0.001 -14"><span class='ocrx_word' id='word_1_156' title='bbox 255 1264 438 1302; x_wconf 89' lang='lat' dir='ltr'>literarum</span> <span class='ocrx_word' id='word_1_157' title='bbox 464 1263 717 1314; x_wconf 85' lang='lat' dir='ltr'>bibliographo</span> <span class='ocrx_word' id='word_1_158' title='bbox 740 1263 973 1314; x_wconf 83' lang='lat' dir='ltr'>Schweigero</span> <span class='ocrx_word' id='word_1_159' title='bbox 999 1262 1128 1301; x_wconf 70' lang='lat' dir='ltr'>nostro&#39;</span> <span class='ocrx_word' id='word_1_160' title='bbox 1145 1265 1313 1311; x_wconf 88' lang='lat' dir='ltr'>innotuit,</span> <span class='ocrx_word' id='word_1_161' title='bbox 1342 1277 1460 1313; x_wconf 90' lang='lat' dir='ltr'>neque</span> <span class='ocrx_word' id='word_1_162' title='bbox 1485 1265 1614 1313; x_wconf 90' lang='lat' dir='ltr'>opinor</span> <span class='ocrx_word' id='word_1_163' title='bbox 1635 1264 1755 1301; x_wconf 91' lang='lat' dir='ltr'>alieno</span> <span class='ocrx_word' id='word_1_164' title='bbox 1780 1265 1916 1302; x_wconf 82' lang='lat' dir='ltr'>anxilio</span> <span class='ocrx_word' id='word_1_165' title='bbox 1944 1279 2038 1315; x_wconf 87' lang='lat' dir='ltr'>opus</span> 
     </span>
     <span class='ocr_line' id='line_1_16' title="bbox 255 1328 2036 1382; baseline 0 -13"><span class='ocrx_word' id='word_1_166' title='bbox 255 1336 310 1369; x_wconf 89' lang='lat' dir='ltr'>est</span> <span class='ocrx_word' id='word_1_167' title='bbox 335 1329 383 1367; x_wconf 87' lang='lat' dir='ltr'>ad</span> <span class='ocrx_word' id='word_1_168' title='bbox 407 1329 703 1381; x_wconf 80' lang='lat' dir='ltr'>intelligendum,</span> <span class='ocrx_word' id='word_1_169' title='bbox 742 1336 963 1382; x_wconf 80' lang='lat' dir='ltr'>quantopere</span> <span class='ocrx_word' id='word_1_170' title='bbox 989 1328 1227 1368; x_wconf 82' lang='lat' dir='ltr'>Marklandus</span> <span class='ocrx_word' id='word_1_171' title='bbox 1258 1330 1485 1377; x_wconf 88' lang='lat' dir='ltr'>caecutierit,</span> <span class='ocrx_word' id='word_1_172' title='bbox 1523 1329 1588 1380; x_wconf 92' lang='lat' dir='ltr'>qni</span> <span class='ocrx_word' id='word_1_173' title='bbox 1613 1329 1769 1380; x_wconf 88' lang='lat' dir='ltr'>primum</span> <span class='ocrx_word' id='word_1_174' title='bbox 1798 1329 1946 1380; x_wconf 90' lang='lat' dir='ltr'>quidem</span> <span class='ocrx_word' id='word_1_175' title='bbox 1972 1344 2036 1369; x_wconf 76' lang='lat' dir='ltr'>ne-</span> 
     </span>
     <span class='ocr_line' id='line_1_17' title="bbox 256 1396 2035 1449; baseline 0.001 -15"><span class='ocrx_word' id='word_1_176' title='bbox 256 1399 343 1434; x_wconf 84' lang='lat' dir='ltr'>dum</span> <span class='ocrx_word' id='word_1_177' title='bbox 378 1411 445 1448; x_wconf 88' lang='lat' dir='ltr'>pro</span> <span class='ocrx_word' id='word_1_178' title='bbox 479 1411 553 1434; x_wconf 84' lang='lat' dir='ltr'>non</span> <span class='ocrx_word' id='word_1_179' title='bbox 588 1397 818 1442; x_wconf 68' lang='lat' dir='ltr'>scribendum</span> <span class='ocrx_word' id='word_1_180' title='bbox 854 1398 966 1435; x_wconf 75' lang='lat' dir='ltr'>fuisse</span> <span class='ocrx_word' id='word_1_181' title='bbox 998 1397 1204 1444; x_wconf 87' lang='lat' dir='ltr'>contendit,</span> <span class='ocrx_word' id='word_1_182' title='bbox 1244 1396 1372 1434; x_wconf 88' lang='lat' dir='ltr'>deinde</span> <span class='ocrx_word' id='word_1_183' title='bbox 1406 1410 1492 1434; x_wconf 86' lang='lat' dir='ltr'>vero</span> <span class='ocrx_word' id='word_1_184' title='bbox 1524 1396 1595 1434; x_wconf 87' lang='lat' dir='ltr'>hoc</span> <span class='ocrx_word' id='word_1_185' title='bbox 1629 1398 1746 1447; x_wconf 84' lang='lat' dir='ltr'>posito</span> <span class='ocrx_word' id='word_1_186' title='bbox 1781 1411 1850 1435; x_wconf 88' lang='lat' dir='ltr'>nec</span> <span class='ocrx_word' id='word_1_187' title='bbox 1885 1399 2035 1449; x_wconf 81' lang='lat' dir='ltr'>quidem</span> 
     </span>
     <span class='ocr_line' id='line_1_18' title="bbox 256 1462 2033 1516; baseline 0 -14"><span class='ocrx_word' id='word_1_188' title='bbox 256 1471 353 1503; x_wconf 89' lang='lat' dir='ltr'>recte</span> <span class='ocrx_word' id='word_1_189' title='bbox 379 1464 515 1502; x_wconf 88' lang='lat' dir='ltr'>dictum</span> <span class='ocrx_word' id='word_1_190' title='bbox 543 1477 622 1502; x_wconf 89' lang='lat' dir='ltr'>esse</span> <span class='ocrx_word' id='word_1_191' title='bbox 649 1465 791 1516; x_wconf 84' lang='lat' dir='ltr'>arguit,</span> <span class='ocrx_word' id='word_1_192' title='bbox 819 1470 1002 1515; x_wconf 87' lang='lat' dir='ltr'>totamque</span> <span class='ocrx_word' id='word_1_193' title='bbox 1027 1464 1240 1502; x_wconf 86' lang='lat' dir='ltr'>sententiam</span> <span class='ocrx_word' id='word_1_194' title='bbox 1268 1464 1318 1501; x_wconf 88' lang='lat' dir='ltr'>ita</span> <span class='ocrx_word' id='word_1_195' title='bbox 1345 1462 1561 1502; x_wconf 80' lang='lat' dir='ltr'>conformari</span> <span class='ocrx_word' id='word_1_196' title='bbox 1588 1462 1754 1501; x_wconf 90' lang='lat' dir='ltr'>debuisse</span> <span class='ocrx_word' id='word_1_197' title='bbox 1780 1464 1850 1501; x_wconf 87' lang='lat' dir='ltr'>ait:</span> <span class='ocrx_word' id='word_1_198' title='bbox 1881 1478 1929 1502; x_wconf 83' lang='lat' dir='ltr'>ne</span> <span class='ocrx_word' id='word_1_199' title='bbox 1952 1466 2033 1502; x_wconf 73' lang='lat' dir='ltr'>vin·</span> 
     </span>
     <span class='ocr_line' id='line_1_19' title="bbox 257 1530 2032 1583; baseline 0 -15"><span class='ocrx_word' id='word_1_200' title='bbox 257 1532 335 1569; x_wconf 86' lang='lat' dir='ltr'>dici</span> <span class='ocrx_word' id='word_1_201' title='bbox 355 1532 502 1583; x_wconf 84' lang='lat' dir='ltr'>quidem</span> <span class='ocrx_word' id='word_1_202' title='bbox 527 1531 675 1568; x_wconf 81' lang='lat' dir='ltr'>alienae</span> <span class='ocrx_word' id='word_1_203' title='bbox 700 1531 977 1577; x_wconf 74' lang='lat' dir='ltr'>dorninationis,</span> <span class='ocrx_word' id='word_1_204' title='bbox 1008 1531 1143 1568; x_wconf 81' lang='lat' dir='ltr'>nedum</span> <span class='ocrx_word' id='word_1_205' title='bbox 1167 1531 1323 1578; x_wconf 82' lang='lat' dir='ltr'>vicario,</span> <span class='ocrx_word' id='word_1_206' title='bbox 1351 1543 1457 1566; x_wconf 79' lang='lat' dir='ltr'>nemo</span> <span class='ocrx_word' id='word_1_207' title='bbox 1486 1530 1685 1579; x_wconf 78' lang='lat' dir='ltr'>supplicat,</span> <span class='ocrx_word' id='word_1_208' title='bbox 1715 1530 1791 1567; x_wconf 84' lang='lat' dir='ltr'>vel:</span> <span class='ocrx_word' id='word_1_209' title='bbox 1820 1544 1896 1567; x_wconf 82' lang='lat' dir='ltr'>non</span> <span class='ocrx_word' id='word_1_210' title='bbox 1920 1533 2032 1568; x_wconf 81' lang='lat' dir='ltr'>modo</span> 
     </span>
     <span class='ocr_line' id='line_1_20' title="bbox 253 1595 2033 1648; baseline 0 -13"><span class='ocrx_word' id='word_1_211' title='bbox 253 1599 396 1635; x_wconf 83' lang='lat' dir='ltr'>vicario</span> <span class='ocrx_word' id='word_1_212' title='bbox 428 1599 495 1634; x_wconf 76' lang='lat' dir='ltr'>sed</span> <span class='ocrx_word' id='word_1_213' title='bbox 524 1611 570 1634; x_wconf 85' lang='lat' dir='ltr'>ne</span> <span class='ocrx_word' id='word_1_214' title='bbox 599 1598 742 1634; x_wconf 77' lang='lat' dir='ltr'>vindici</span> <span class='ocrx_word' id='word_1_215' title='bbox 773 1598 919 1648; x_wconf 85' lang='lat' dir='ltr'>quidem</span> <span class='ocrx_word' id='word_1_216' title='bbox 953 1610 1058 1633; x_wconf 83' lang='lat' dir='ltr'>nemo</span> <span class='ocrx_word' id='word_1_217' title='bbox 1090 1597 1287 1646; x_wconf 80' lang='lat' dir='ltr'>supplicat.</span> <span class='ocrx_word' id='word_1_218' title='bbox 1350 1596 1435 1633; x_wconf 86' lang='lat' dir='ltr'>Non</span> <span class='ocrx_word' id='word_1_219' title='bbox 1461 1595 1626 1646; x_wconf 88' lang='lat' dir='ltr'>equidem</span> <span class='ocrx_word' id='word_1_220' title='bbox 1654 1609 1769 1647; x_wconf 82' lang='lat' dir='ltr'>nego,</span> <span class='ocrx_word' id='word_1_221' title='bbox 1806 1598 1856 1633; x_wconf 88' lang='lat' dir='ltr'>ita</span> <span class='ocrx_word' id='word_1_222' title='bbox 1884 1611 2033 1648; x_wconf 84' lang='lat' dir='ltr'>quoque</span> 
     </span>
     <span class='ocr_line' id='line_1_21' title="bbox 257 1661 2031 1719; baseline -0.001 -17"><span class='ocrx_word' id='word_1_223' title='bbox 257 1663 414 1702; x_wconf 89' lang='lat' dir='ltr'>scribere</span> <span class='ocrx_word' id='word_1_224' title='bbox 437 1663 598 1714; x_wconf 86' lang='lat' dir='ltr'>potuisse</span> <span class='ocrx_word' id='word_1_225' title='bbox 621 1662 798 1710; x_wconf 90' lang='lat' dir='ltr'>Brutum,</span> <span class='ocrx_word' id='word_1_226' title='bbox 835 1663 895 1700; x_wconf 88' lang='lat' dir='ltr'>cui</span> <span class='ocrx_word' id='word_1_227' title='bbox 920 1663 990 1714; x_wconf 87' lang='lat' dir='ltr'>ipsi</span> <span class='ocrx_word' id='word_1_228' title='bbox 1018 1663 1141 1714; x_wconf 87' lang='lat' dir='ltr'>utique</span> <span class='ocrx_word' id='word_1_229' title='bbox 1166 1675 1240 1719; x_wconf 70' lang='lat' dir='ltr'>nqn</span> <span class='ocrx_word' id='word_1_230' title='bbox 1269 1661 1402 1699; x_wconf 87' lang='lat' dir='ltr'>vindex</span> <span class='ocrx_word' id='word_1_231' title='bbox 1428 1661 1491 1699; x_wconf 90' lang='lat' dir='ltr'>sed</span> <span class='ocrx_word' id='word_1_232' title='bbox 1516 1663 1671 1699; x_wconf 82' lang='lat' dir='ltr'>vicarius</span> <span class='ocrx_word' id='word_1_233' title='bbox 1698 1662 1938 1700; x_wconf 85' lang='lat' dir='ltr'>Caesarianae</span> <span class='ocrx_word' id='word_1_234' title='bbox 1962 1663 2031 1702; x_wconf 85' lang='lat' dir='ltr'>do-</span> 
     </span>
     <span class='ocr_line' id='line_1_22' title="bbox 257 1727 2032 1778; baseline -0.001 -10"><span class='ocrx_word' id='word_1_235' title='bbox 257 1731 461 1768; x_wconf 88' lang='lat' dir='ltr'>minationis</span> <span class='ocrx_word' id='word_1_236' title='bbox 488 1729 667 1767; x_wconf 83' lang='lat' dir='ltr'>Octavius</span> <span class='ocrx_word' id='word_1_237' title='bbox 695 1743 774 1767; x_wconf 90' lang='lat' dir='ltr'>esse</span> <span class='ocrx_word' id='word_1_238' title='bbox 797 1728 1008 1777; x_wconf 69' lang='lat' dir='ltr'>videbatur,</span> <span class='ocrx_word' id='word_1_239' title='bbox 1044 1735 1081 1767; x_wconf 85' lang='lat' dir='ltr'>at</span> <span class='ocrx_word' id='word_1_240' title='bbox 1106 1730 1137 1765; x_wconf 92' lang='lat' dir='ltr'>si</span> <span class='ocrx_word' id='word_1_241' title='bbox 1164 1728 1378 1767; x_wconf 88' lang='lat' dir='ltr'>Ciceronem</span> <span class='ocrx_word' id='word_1_242' title='bbox 1405 1727 1666 1778; x_wconf 88' lang='lat' dir='ltr'>reprehendere</span> <span class='ocrx_word' id='word_1_243' title='bbox 1691 1728 1857 1776; x_wconf 83' lang='lat' dir='ltr'>volebat,</span> <span class='ocrx_word' id='word_1_244' title='bbox 1888 1729 1935 1766; x_wconf 84' lang='lat' dir='ltr'>ad</span> <span class='ocrx_word' id='word_1_245' title='bbox 1962 1729 2032 1766; x_wconf 85' lang='lat' dir='ltr'>hu-</span> 
     </span>
     <span class='ocr_line' id='line_1_23' title="bbox 254 1794 2032 1848; baseline 0 -14"><span class='ocrx_word' id='word_1_246' title='bbox 254 1796 314 1848; x_wconf 87' lang='lat' dir='ltr'>jus</span> <span class='ocrx_word' id='word_1_247' title='bbox 340 1797 458 1847; x_wconf 90' lang='lat' dir='ltr'>potius</span> <span class='ocrx_word' id='word_1_248' title='bbox 483 1796 696 1833; x_wconf 87' lang='lat' dir='ltr'>sententiam</span> <span class='ocrx_word' id='word_1_249' title='bbox 719 1795 985 1845; x_wconf 89' lang='lat' dir='ltr'>respiciendum</span> <span class='ocrx_word' id='word_1_250' title='bbox 1011 1801 1102 1842; x_wconf 90' lang='lat' dir='ltr'>erat,</span> <span class='ocrx_word' id='word_1_251' title='bbox 1131 1801 1171 1832; x_wconf 88' lang='lat' dir='ltr'>ut</span> <span class='ocrx_word' id='word_1_252' title='bbox 1192 1795 1253 1833; x_wconf 87' lang='lat' dir='ltr'>ille</span> <span class='ocrx_word' id='word_1_253' title='bbox 1274 1794 1500 1845; x_wconf 76' lang='lat' dir='ltr'>intelligeret,</span> <span class='ocrx_word' id='word_1_254' title='bbox 1530 1800 1678 1845; x_wconf 89' lang='lat' dir='ltr'>propter</span> <span class='ocrx_word' id='word_1_255' title='bbox 1703 1794 1741 1831; x_wconf 88' lang='lat' dir='ltr'>id</span> <span class='ocrx_word' id='word_1_256' title='bbox 1768 1796 1904 1845; x_wconf 87' lang='lat' dir='ltr'>ipsum,</span> <span class='ocrx_word' id='word_1_257' title='bbox 1932 1796 2032 1847; x_wconf 84' lang='lat' dir='ltr'>quod</span> 
     </span>
     <span class='ocr_line' id='line_1_24' title="bbox 258 1859 2031 1912; baseline 0.001 -12"><span class='ocrx_word' id='word_1_258' title='bbox 258 1863 452 1901; x_wconf 83' lang='lat' dir='ltr'>Octavium</span> <span class='ocrx_word' id='word_1_259' title='bbox 475 1876 542 1912; x_wconf 87' lang='lat' dir='ltr'>pro</span> <span class='ocrx_word' id='word_1_260' title='bbox 565 1862 739 1899; x_wconf 87' lang='lat' dir='ltr'>libertatis</span> <span class='ocrx_word' id='word_1_261' title='bbox 766 1861 957 1899; x_wconf 83' lang='lat' dir='ltr'>defensore</span> <span class='ocrx_word' id='word_1_262' title='bbox 983 1861 1202 1909; x_wconf 83' lang='lat' dir='ltr'>venditaret,</span> <span class='ocrx_word' id='word_1_263' title='bbox 1240 1868 1345 1911; x_wconf 86' lang='lat' dir='ltr'>turpe</span> <span class='ocrx_word' id='word_1_264' title='bbox 1370 1873 1449 1898; x_wconf 91' lang='lat' dir='ltr'>esse</span> <span class='ocrx_word' id='word_1_265' title='bbox 1475 1859 1590 1898; x_wconf 84' lang='lat' dir='ltr'>eidem</span> <span class='ocrx_word' id='word_1_266' title='bbox 1615 1866 1788 1911; x_wconf 75' lang='lat' dir='ltr'>tanquam</span> <span class='ocrx_word' id='word_1_267' title='bbox 1817 1861 2031 1901; x_wconf 86' lang='lat' dir='ltr'>dominatio·</span> 
     </span>
     <span class='ocr_line' id='line_1_25' title="bbox 258 1926 2031 1979; baseline -0.001 -11"><span class='ocrx_word' id='word_1_268' title='bbox 258 1931 314 1968; x_wconf 89' lang='lat' dir='ltr'>nis</span> <span class='ocrx_word' id='word_1_269' title='bbox 340 1930 476 1967; x_wconf 77' lang='lat' dir='ltr'>vicario</span> <span class='ocrx_word' id='word_1_270' title='bbox 504 1929 722 1979; x_wconf 86' lang='lat' dir='ltr'>supplicare.</span> <span class='ocrx_word' id='word_1_271' title='bbox 778 1928 977 1966; x_wconf 86' lang='lat' dir='ltr'>Dominum</span> <span class='ocrx_word' id='word_1_272' title='bbox 1003 1929 1098 1966; x_wconf 91' lang='lat' dir='ltr'>enim</span> <span class='ocrx_word' id='word_1_273' title='bbox 1125 1927 1246 1979; x_wconf 83' lang='lat' dir='ltr'>ejusve</span> <span class='ocrx_word' id='word_1_274' title='bbox 1268 1928 1442 1964; x_wconf 82' lang='lat' dir='ltr'>vicarium</span> <span class='ocrx_word' id='word_1_275' title='bbox 1469 1928 1532 1978; x_wconf 89' lang='lat' dir='ltr'>qui</span> <span class='ocrx_word' id='word_1_276' title='bbox 1557 1926 1701 1975; x_wconf 86' lang='lat' dir='ltr'>habeat,</span> <span class='ocrx_word' id='word_1_277' title='bbox 1731 1942 1815 1966; x_wconf 87' lang='lat' dir='ltr'>eum</span> <span class='ocrx_word' id='word_1_278' title='bbox 1841 1929 1895 1966; x_wconf 91' lang='lat' dir='ltr'>illi</span> <span class='ocrx_word' id='word_1_279' title='bbox 1921 1931 2031 1967; x_wconf 79' lang='lat' dir='ltr'>etiam</span> 
     </span>
     <span class='ocr_line' id='line_1_26' title="bbox 258 1994 2030 2048; baseline -0.001 -14"><span class='ocrx_word' id='word_1_280' title='bbox 258 1996 464 2048; x_wconf 89' lang='lat' dir='ltr'>supplicare</span> <span class='ocrx_word' id='word_1_281' title='bbox 481 1995 597 2042; x_wconf 89' lang='lat' dir='ltr'>decet,</span> <span class='ocrx_word' id='word_1_282' title='bbox 626 1996 760 2046; x_wconf 90' lang='lat' dir='ltr'>quique</span> <span class='ocrx_word' id='word_1_283' title='bbox 786 1995 888 2032; x_wconf 90' lang='lat' dir='ltr'>alteri</span> <span class='ocrx_word' id='word_1_284' title='bbox 914 1994 1111 2045; x_wconf 89' lang='lat' dir='ltr'>supplicat,</span> <span class='ocrx_word' id='word_1_285' title='bbox 1141 1994 1211 2032; x_wconf 86' lang='lat' dir='ltr'>hac</span> <span class='ocrx_word' id='word_1_286' title='bbox 1230 1995 1310 2045; x_wconf 84' lang='lat' dir='ltr'>ipsa</span> <span class='ocrx_word' id='word_1_287' title='bbox 1328 2007 1368 2031; x_wconf 90' lang='lat' dir='ltr'>re</span> <span class='ocrx_word' id='word_1_288' title='bbox 1385 1994 1486 2031; x_wconf 91' lang='lat' dir='ltr'>illum</span> <span class='ocrx_word' id='word_1_289' title='bbox 1507 2007 1574 2044; x_wconf 92' lang='lat' dir='ltr'>pro</span> <span class='ocrx_word' id='word_1_290' title='bbox 1592 1994 1738 2032; x_wconf 89' lang='lat' dir='ltr'>domino</span> <span class='ocrx_word' id='word_1_291' title='bbox 1755 1996 1942 2046; x_wconf 68' lang='lat' dir='ltr'>agnoscit,</span> <span class='ocrx_word' id='word_1_292' title='bbox 1971 1997 2030 2032; x_wconf 88' lang='lat' dir='ltr'>sin</span> 
     </span>
     <span class='ocr_line' id='line_1_27' title="bbox 258 2061 2029 2113; baseline -0.001 -12"><span class='ocrx_word' id='word_1_293' title='bbox 258 2064 410 2113; x_wconf 69' lang='lat' dir='ltr'>eundem</span> <span class='ocrx_word' id='word_1_294' title='bbox 442 2076 515 2100; x_wconf 89' lang='lat' dir='ltr'>non</span> <span class='ocrx_word' id='word_1_295' title='bbox 544 2063 716 2098; x_wconf 86' lang='lat' dir='ltr'>vicarium</span> <span class='ocrx_word' id='word_1_296' title='bbox 750 2061 886 2099; x_wconf 88' lang='lat' dir='ltr'>alienae</span> <span class='ocrx_word' id='word_1_297' title='bbox 913 2062 1188 2109; x_wconf 85' lang='lat' dir='ltr'>dominationis,</span> <span class='ocrx_word' id='word_1_298' title='bbox 1225 2061 1289 2099; x_wconf 87' lang='lat' dir='ltr'>sed</span> <span class='ocrx_word' id='word_1_299' title='bbox 1321 2061 1499 2099; x_wconf 85' lang='lat' dir='ltr'>libertatis</span> <span class='ocrx_word' id='word_1_300' title='bbox 1531 2061 1712 2099; x_wconf 85' lang='lat' dir='ltr'>vindicem</span> <span class='ocrx_word' id='word_1_301' title='bbox 1738 2061 1864 2099; x_wconf 79' lang='lat' dir='ltr'>haberi</span> <span class='ocrx_word' id='word_1_302' title='bbox 1890 2064 2029 2113; x_wconf 83' lang='lat' dir='ltr'>cupiat,</span> 
     </span>
     <span class='ocr_line' id='line_1_28' title="bbox 258 2126 2032 2181; baseline -0.001 -13"><span class='ocrx_word' id='word_1_303' title='bbox 258 2142 382 2169; x_wconf 85' lang='lat' dir='ltr'>secum</span> <span class='ocrx_word' id='word_1_304' title='bbox 406 2130 486 2181; x_wconf 90' lang='lat' dir='ltr'>ipse</span> <span class='ocrx_word' id='word_1_305' title='bbox 512 2126 709 2180; x_wconf 78' lang='lat' dir='ltr'>pugnabit,</span> <span class='ocrx_word' id='word_1_306' title='bbox 744 2129 777 2164; x_wconf 90' lang='lat' dir='ltr'>si</span> <span class='ocrx_word' id='word_1_307' title='bbox 801 2128 834 2165; x_wconf 91' lang='lat' dir='ltr'>ei</span> <span class='ocrx_word' id='word_1_308' title='bbox 856 2141 923 2180; x_wconf 89' lang='lat' dir='ltr'>pro</span> <span class='ocrx_word' id='word_1_309' title='bbox 948 2128 1079 2165; x_wconf 84' lang='lat' dir='ltr'>civium</span> <span class='ocrx_word' id='word_1_310' title='bbox 1105 2129 1237 2180; x_wconf 90' lang='lat' dir='ltr'>optime</span> <span class='ocrx_word' id='word_1_311' title='bbox 1264 2127 1309 2165; x_wconf 92' lang='lat' dir='ltr'>de</span> <span class='ocrx_word' id='word_1_312' title='bbox 1331 2141 1371 2165; x_wconf 90' lang='lat' dir='ltr'>re</span> <span class='ocrx_word' id='word_1_313' title='bbox 1396 2127 1543 2178; x_wconf 85' lang='lat' dir='ltr'>publica</span> <span class='ocrx_word' id='word_1_314' title='bbox 1569 2129 1777 2167; x_wconf 87' lang='lat' dir='ltr'>meritorum</span> <span class='ocrx_word' id='word_1_315' title='bbox 1803 2127 1920 2166; x_wconf 79' lang='lat' dir='ltr'>salute</span> <span class='ocrx_word' id='word_1_316' title='bbox 1945 2142 2032 2180; x_wconf 89' lang='lat' dir='ltr'>snp-</span> 
     </span>
     <span class='ocr_line' id='line_1_29' title="bbox 259 2193 2033 2247; baseline 0 -14"><span class='ocrx_word' id='word_1_317' title='bbox 259 2196 420 2247; x_wconf 85' lang='lat' dir='ltr'>plicabit.</span> <span class='ocrx_word' id='word_1_318' title='bbox 476 2196 556 2233; x_wconf 84' lang='lat' dir='ltr'>Nec</span> <span class='ocrx_word' id='word_1_319' title='bbox 581 2194 737 2232; x_wconf 90' lang='lat' dir='ltr'>deterior</span> <span class='ocrx_word' id='word_1_320' title='bbox 762 2207 871 2232; x_wconf 88' lang='lat' dir='ltr'>causa</span> <span class='ocrx_word' id='word_1_321' title='bbox 897 2200 952 2232; x_wconf 86' lang='lat' dir='ltr'>est</span> <span class='ocrx_word' id='word_1_322' title='bbox 977 2193 1130 2232; x_wconf 87' lang='lat' dir='ltr'>duorum</span> <span class='ocrx_word' id='word_1_323' title='bbox 1156 2195 1384 2245; x_wconf 84' lang='lat' dir='ltr'>sequentium</span> <span class='ocrx_word' id='word_1_324' title='bbox 1407 2194 1594 2242; x_wconf 84' lang='lat' dir='ltr'>locorum,</span> <span class='ocrx_word' id='word_1_325' title='bbox 1622 2208 1716 2246; x_wconf 72' lang='lat' dir='ltr'>quae</span> <span class='ocrx_word' id='word_1_326' title='bbox 1741 2197 1883 2233; x_wconf 89' lang='lat' dir='ltr'>censori</span> <span class='ocrx_word' id='word_1_327' title='bbox 1909 2202 2033 2234; x_wconf 91' lang='lat' dir='ltr'>nostro</span> 
     </span>
    </p>
   </div>
   <div class='ocr_carea' id='block_1_2' title="bbox 257 2334 2033 2588">
    <p class='ocr_par' dir='ltr' id='par_1_2' title="bbox 257 2334 2030 2438">
     <span class='ocr_line' id='line_1_30' title="bbox 258 2334 2029 2387; baseline -0.001 -11"><span class='ocrx_word' id='word_1_328' title='bbox 258 2350 417 2377; x_wconf 72' lang='lat' dir='ltr'>sentin-ente</span> <span class='ocrx_word' id='word_1_329' title='bbox 440 2359 488 2376; x_wconf 70' lang='lat' dir='ltr'>are</span> <span class='ocrx_word' id='word_1_330' title='bbox 513 2334 595 2387; x_wconf 65' lang='lat' dir='ltr'>gii-eat</span> <span class='ocrx_word' id='word_1_331' title='bbox 613 2349 672 2377; x_wconf 73' lang='lat' dir='ltr'>and</span> <span class='ocrx_word' id='word_1_332' title='bbox 689 2358 826 2387; x_wconf 67' lang='lat' dir='ltr'>genereus</span> <span class='ocrx_word' id='word_1_333' title='bbox 844 2348 903 2375; x_wconf 67' lang='lat' dir='ltr'>aad</span> <span class='ocrx_word' id='word_1_334' title='bbox 920 2348 1031 2384; x_wconf 65' lang='grc' dir='ltr'><strong>ωσι-ΠΨ</strong></span> <span class='ocrx_word' id='word_1_335' title='bbox 1058 2348 1096 2384; x_wconf 77' lang='lat' dir='ltr'>of</span> <span class='ocrx_word' id='word_1_336' title='bbox 1115 2357 1153 2374; x_wconf 75' lang='grc' dir='ltr'>ιιι</span> <span class='ocrx_word' id='word_1_337' title='bbox 1173 2349 1283 2375; x_wconf 67' lang='lat' dir='ltr'>aurien:</span> <span class='ocrx_word' id='word_1_338' title='bbox 1301 2348 1430 2379; x_wconf 61' lang='lat' dir='ltr'>Romanu</span> <span class='ocrx_word' id='word_1_339' title='bbox 1462 2350 1501 2376; x_wconf 78' lang='lat' dir='ltr'>cf.</span> <span class='ocrx_word' id='word_1_340' title='bbox 1521 2359 1551 2386; x_wconf 83' lang='lat' dir='ltr'>p.</span> <span class='ocrx_word' id='word_1_341' title='bbox 1575 2349 1642 2376; x_wconf 79' lang='lat'><strong>1¹0:</strong></span> <span class='ocrx_word' id='word_1_342' title='bbox 1671 2350 1753 2380; x_wconf 73' lang='lat' dir='ltr'>who,</span> <span class='ocrx_word' id='word_1_343' title='bbox 1780 2349 1866 2376; x_wconf 66' lang='lat' dir='ltr'>while</span> <span class='ocrx_word' id='word_1_344' title='bbox 1886 2349 1920 2375; x_wconf 70' lang='lat' dir='ltr'>lue</span> <span class='ocrx_word' id='word_1_345' title='bbox 1940 2350 1964 2376; x_wconf 77' lang='lat' dir='ltr'>is</span> <span class='ocrx_word' id='word_1_346' title='bbox 1984 2359 2029 2375; x_wconf 72' lang='lat' dir='ltr'>ex-</span> 
     </span>
     <span class='ocr_line' id='line_1_31' title="bbox 257 2399 2030 2438; baseline -0.001 -11"><span class='ocrx_word' id='word_1_347' title='bbox 257 2401 385 2438; x_wconf 63' lang='lat' dir='ltr'>pres-sing</span> <span class='ocrx_word' id='word_1_348' title='bbox 401 2401 484 2427; x_wconf 76' lang='lat' dir='ltr'>noble</span> <span class='ocrx_word' id='word_1_349' title='bbox 502 2401 661 2427; x_wconf 69' lang='lat' dir='ltr'>sentimenta·</span> <span class='ocrx_word' id='word_1_350' title='bbox 680 2400 738 2426; x_wconf 77' lang='lat' dir='ltr'>aud</span> <span class='ocrx_word' id='word_1_351' title='bbox 755 2400 826 2426; x_wconf 68' lang='lat' dir='ltr'>such</span> <span class='ocrx_word' id='word_1_352' title='bbox 843 2409 876 2426; x_wconf 74' lang='lat' dir='ltr'>us</span> <span class='ocrx_word' id='word_1_353' title='bbox 895 2409 943 2426; x_wconf 70' lang='lat' dir='ltr'>arc</span> <span class='ocrx_word' id='word_1_354' title='bbox 962 2404 1014 2426; x_wconf 75' lang='lat' dir='ltr'>not</span> <span class='ocrx_word' id='word_1_355' title='bbox 1027 2399 1177 2434; x_wconf 66' lang='lat' dir='ltr'>unworthy</span> <span class='ocrx_word' id='word_1_356' title='bbox 1193 2399 1232 2435; x_wconf 78' lang='lat' dir='ltr'>of</span> <span class='ocrx_word' id='word_1_357' title='bbox 1242 2399 1288 2426; x_wconf 75' lang='lat' dir='ltr'>the</span> <span class='ocrx_word' id='word_1_358' title='bbox 1304 2404 1365 2426; x_wconf 81' lang='lat' dir='ltr'>true</span> <span class='ocrx_word' id='word_1_359' title='bbox 1377 2400 1497 2431; x_wconf 74' lang='lat' dir='ltr'>Brutus,</span> <span class='ocrx_word' id='word_1_360' title='bbox 1515 2400 1624 2438; x_wconf 66' lang='lat' dir='ltr'>sou-gete</span> <span class='ocrx_word' id='word_1_361' title='bbox 1644 2401 1690 2427; x_wconf 60' lang='lat' dir='ltr'>tlte</span> <span class='ocrx_word' id='word_1_362' title='bbox 1705 2401 1849 2437; x_wconf 62' lang='lat' dir='ltr'>lang-tage</span> <span class='ocrx_word' id='word_1_363' title='bbox 1865 2400 1904 2436; x_wconf 78' lang='lat' dir='ltr'>of</span> <span class='ocrx_word' id='word_1_364' title='bbox 1911 2400 2030 2426; x_wconf 77' lang='lat' dir='ltr'>Brutus.</span> 
     </span>
    </p>

    <p class='ocr_par' dir='ltr' id='par_1_3' title="bbox 260 2450 2033 2588">
     <span class='ocr_line' id='line_1_32' title="bbox 316 2450 2033 2487; baseline 0 -9"><span class='ocrx_word' id='word_1_365' title='bbox 316 2453 362 2486; x_wconf 84' lang='lat'>55)</span> <span class='ocrx_word' id='word_1_366' title='bbox 382 2453 517 2478; x_wconf 74' lang='lat' dir='ltr'>Remu-ks</span> <span class='ocrx_word' id='word_1_367' title='bbox 535 2462 566 2487; x_wconf 83' lang='lat' dir='ltr'>p.</span> <span class='ocrx_word' id='word_1_368' title='bbox 589 2451 657 2477; x_wconf 71' lang='lat'>1052</span> <span class='ocrx_word' id='word_1_369' title='bbox 686 2452 709 2476; x_wconf 76' lang='lat' dir='ltr'>it</span> <span class='ocrx_word' id='word_1_370' title='bbox 728 2451 752 2476; x_wconf 80' lang='lat' dir='ltr'>is</span> <span class='ocrx_word' id='word_1_371' title='bbox 771 2450 931 2486; x_wconf 71' lang='lat' dir='ltr'>impossible</span> <span class='ocrx_word' id='word_1_372' title='bbox 953 2455 979 2477; x_wconf 82' lang='lat' dir='ltr'>to</span> <span class='ocrx_word' id='word_1_373' title='bbox 999 2451 1063 2487; x_wconf 66' lang='lat' dir='ltr'>give</span> <span class='ocrx_word' id='word_1_374' title='bbox 1082 2460 1101 2476; x_wconf 73' lang='lat' dir='ltr'>a</span> <span class='ocrx_word' id='word_1_375' title='bbox 1119 2451 1230 2477; x_wconf 76' lang='lat' dir='ltr'>version</span> <span class='ocrx_word' id='word_1_376' title='bbox 1249 2450 1288 2486; x_wconf 74' lang='lat' dir='ltr'>of</span> <span class='ocrx_word' id='word_1_377' title='bbox 1301 2451 1346 2477; x_wconf 69' lang='lat' dir='ltr'>the</span> <span class='ocrx_word' id='word_1_378' title='bbox 1366 2456 1477 2477; x_wconf 76' lang='lat' dir='ltr'>context</span> <span class='ocrx_word' id='word_1_379' title='bbox 1495 2461 1528 2478; x_wconf 77' lang='lat' dir='ltr'>as</span> <span class='ocrx_word' id='word_1_380' title='bbox 1547 2453 1571 2478; x_wconf 77' lang='lat' dir='ltr'>it</span> <span class='ocrx_word' id='word_1_381' title='bbox 1588 2461 1650 2478; x_wconf 71' lang='grc' dir='ltr'>ηοιυ</span> <span class='ocrx_word' id='word_1_382' title='bbox 1669 2451 1782 2483; x_wconf 71' lang='lat' dir='ltr'>sta-ds,</span> <span class='ocrx_word' id='word_1_383' title='bbox 1802 2461 1833 2478; x_wconf 77' lang='grc' dir='ltr'>εο</span> <span class='ocrx_word' id='word_1_384' title='bbox 1853 2462 1885 2478; x_wconf 77' lang='lat' dir='ltr'>as</span> <span class='ocrx_word' id='word_1_385' title='bbox 1905 2457 1933 2478; x_wconf 76' lang='lat' dir='ltr'>to</span> <span class='ocrx_word' id='word_1_386' title='bbox 1954 2453 2033 2478; x_wconf 64' lang='lat' dir='ltr'>make</span> 
     </span>
     <span class='ocr_line' id='line_1_33' title="bbox 260 2500 2032 2538; baseline 0 -11"><span class='ocrx_word' id='word_1_387' title='bbox 260 2511 316 2537; x_wconf 72' lang='lat' dir='ltr'>any</span> <span class='ocrx_word' id='word_1_388' title='bbox 337 2511 413 2528; x_wconf 76' lang='lat' dir='ltr'>sense</span> <span class='ocrx_word' id='word_1_389' title='bbox 433 2502 471 2537; x_wconf 76' lang='lat' dir='ltr'>of</span> <span class='ocrx_word' id='word_1_390' title='bbox 483 2502 523 2532; x_wconf 83' lang='lat' dir='ltr'>it;</span> <span class='ocrx_word' id='word_1_391' title='bbox 554 2503 603 2528; x_wconf 79' lang='lat' dir='ltr'>but</span> <span class='ocrx_word' id='word_1_392' title='bbox 622 2503 645 2528; x_wconf 75' lang='lat' dir='ltr'>it</span> <span class='ocrx_word' id='word_1_393' title='bbox 664 2502 687 2527; x_wconf 80' lang='lat' dir='ltr'>is</span> <span class='ocrx_word' id='word_1_394' title='bbox 706 2511 742 2527; x_wconf 77' lang='lat' dir='ltr'>no</span> <span class='ocrx_word' id='word_1_395' title='bbox 762 2501 885 2537; x_wconf 79' lang='lat' dir='ltr'>difficult</span> <span class='ocrx_word' id='word_1_396' title='bbox 904 2505 1005 2527; x_wconf 66' lang='lat' dir='ltr'>matter</span> <span class='ocrx_word' id='word_1_397' title='bbox 1026 2506 1053 2527; x_wconf 82' lang='lat' dir='ltr'>to</span> <span class='ocrx_word' id='word_1_398' title='bbox 1071 2501 1212 2537; x_wconf 75' lang='lat' dir='ltr'>perceive,</span> <span class='ocrx_word' id='word_1_399' title='bbox 1239 2500 1332 2527; x_wconf 67' lang='lat' dir='ltr'>where</span> <span class='ocrx_word' id='word_1_400' title='bbox 1352 2501 1397 2527; x_wconf 74' lang='lat' dir='ltr'>the</span> <span class='ocrx_word' id='word_1_401' title='bbox 1415 2503 1532 2528; x_wconf 69' lang='lat' dir='ltr'>nist-ke</span> <span class='ocrx_word' id='word_1_402' title='bbox 1551 2502 1589 2538; x_wconf 70' lang='lat' dir='ltr'>of</span> <span class='ocrx_word' id='word_1_403' title='bbox 1601 2502 1646 2529; x_wconf 65' lang='lat' dir='ltr'>the</span> <span class='ocrx_word' id='word_1_404' title='bbox 1663 2503 1758 2529; x_wconf 80' lang='lat' dir='ltr'>writer</span> <span class='ocrx_word' id='word_1_405' title='bbox 1778 2502 1846 2533; x_wconf 67' lang='lat' dir='ltr'>lies,</span> <span class='ocrx_word' id='word_1_406' title='bbox 1871 2503 1984 2538; x_wconf 66' lang='lat' dir='ltr'>nau-ely</span> <span class='ocrx_word' id='word_1_407' title='bbox 2004 2504 2032 2528; x_wconf 76' lang='lat' dir='ltr'>in</span> 
     </span>
     <span class='ocr_line' id='line_1_34' title="bbox 261 2551 1765 2588; baseline 0.001 -12"><span class='ocrx_word' id='word_1_408' title='bbox 261 2551 307 2577; x_wconf 75' lang='lat' dir='ltr'>the</span> <span class='ocrx_word' id='word_1_409' title='bbox 325 2551 406 2578; x_wconf 78' lang='lat' dir='ltr'>word</span> <span class='ocrx_word' id='word_1_410' title='bbox 424 2561 511 2581; x_wconf 76' lang='lat' dir='ltr'>non,</span> <span class='ocrx_word' id='word_1_411' title='bbox 531 2553 625 2579; x_wconf 75' lang='lat' dir='ltr'>which</span> <span class='ocrx_word' id='word_1_412' title='bbox 645 2553 679 2578; x_wconf 77' lang='lat' dir='ltr'>he</span> <span class='ocrx_word' id='word_1_413' title='bbox 698 2551 881 2587; x_wconf 73' lang='lat' dir='ltr'>unskillfully</span> <span class='ocrx_word' id='word_1_414' title='bbox 899 2557 967 2588; x_wconf 75' lang='lat' dir='ltr'>puts</span> <span class='ocrx_word' id='word_1_415' title='bbox 987 2551 1097 2578; x_wconf 67' lang='lat' dir='ltr'>instead</span> <span class='ocrx_word' id='word_1_416' title='bbox 1116 2551 1154 2587; x_wconf 73' lang='lat' dir='ltr'>os</span> <span class='ocrx_word' id='word_1_417' title='bbox 1166 2560 1234 2577; x_wconf 71' lang='lat' dir='ltr'>non</span> <span class='ocrx_word' id='word_1_418' title='bbox 1253 2551 1354 2577; x_wconf 74' lang='lat' dir='ltr'>modo</span> <span class='ocrx_word' id='word_1_419' title='bbox 1376 2561 1406 2577; x_wconf 84' lang='lat' dir='ltr'>or</span> <span class='ocrx_word' id='word_1_420' title='bbox 1426 2553 1556 2578; x_wconf 72' lang='lat' dir='ltr'>nedum</span> <span class='ocrx_word' id='word_1_421' title='bbox 1568 2572 1576 2583; x_wconf 91' lang='lat'>,</span> <span class='ocrx_word' id='word_1_422' title='bbox 1593 2553 1675 2579; x_wconf 63' lang='lat' dir='ltr'>nuel·</span> <span class='ocrx_word' id='word_1_423' title='bbox 1695 2553 1765 2579; x_wconf 75' lang='lat' dir='ltr'>less!</span> 
     </span>
    </p>
   </div>
   <div class='ocr_carea' id='block_1_3' title="bbox 1555 2599 1649 2637">
    <p class='ocr_par' dir='ltr' id='par_1_4' title="bbox 1555 2599 1649 2637">
     <span class='ocr_line' id='line_1_35' title="bbox 1555 2599 1649 2637; baseline 0 -25"><span class='ocrx_word' id='word_1_424' title='bbox 1555 2599 1583 2637; x_wconf 69' lang='lat'>4</span> <span class='ocrx_word' id='word_1_425' title='bbox 1646 2610 1649 2612; x_wconf 85' lang='grc'><strong>,</strong></span> 
     </span>
    </p>
   </div>
  </div>
 </body>
</html>
