2308 2908
324 307 478 358 negabat
512 320 592 344 eum
622 306 787 344 homines
819 303 960 342 hostilis
997 304 1034 340 in
1070 315 1146 339 rem
1182 300 1366 352 publicam
1397 302 1509 339 animi
1545 314 1613 352 pro
1647 299 1789 339 civibus
1824 300 1951 340 haberi
1990 303 2103 352 velle3

318 387 432 424 neque
457 373 525 410 alia
559 372 722 410 laetitiae
754 384 863 409 causa
895 375 973 418 est,
1010 382 1120 420 quam
1146 367 1255 406 facile
1281 367 1499 419 intelligitur
1524 381 1598 406 non
1626 368 1674 405 nd
1707 373 1859 406 mortem
1894 370 2102 418 consulum,

315 440 376 477 sed
412 439 456 475 ad
486 440 671 476 victoriam
700 444 886 489 spectare,
924 444 960 474 et
995 436 1094 487 quod
1134 435 1225 473 tales
1260 436 1504 483 exstitissent,
1555 435 1681 486 quales
1722 448 1831 487 saepe
1866 436 1936 474 sibi
1972 436 2105 475 Cicero

314 507 539 556 scripsisset3
584 505 719 544 doloris
747 518 835 543 vero
861 503 1079 556 significatio
1113 517 1158 541 ne
1184 503 1388 554 exspectari
1419 501 1565 554 quidem
1594 509 1734 554 poterat
1766 516 1788 540 a
1815 502 1964 551 Stoico,
1999 504 2036 540 iu
2064 516 2105 541 ea

314 573 520 621 praesertim
548 573 601 608 rei
628 571 797 621 publicae
821 571 1055 616 condicione,
1094 569 1157 606 ubi
1184 570 1302 607 multo
1334 570 1417 620 plus
1445 569 1538 606 lucri
1562 570 1698 606 factum
1724 569 1916 607 videbatur
1940 569 2106 607 Antonio

311 637 436 689 fugato
461 644 497 675 et
528 637 681 675 liberato
716 638 856 684 Bruto,
891 649 998 686 quam
1034 635 1246 672 consulibus
1275 636 1420 672 omissis
1452 635 1588 672 damni.
1652 636 1699 671 In
1729 636 1926 686 septima
1957 649 2104 687 quoque

311 718 404 754 quae
432 719 505 742 una
535 705 687 743 offensio
720 710 831 741 restat
860 704 898 739 in
928 703 1070 740 verbis:
1106 704 1174 740 sed
1203 702 1418 754 Appuleius
1444 703 1503 740 vel
1531 710 1572 740 ut
1601 716 1686 739 cum
1717 702 1946 741 Middletone
1978 704 2103 741 Mark-

310 770 440 808 landus
478 770 568 823 legit
604 771 791 809 Domitius
826 770 865 806 in
895 782 963 806 sim
999 769 1157 820 epistola
1190 769 1463 817 celebrabitur,
1505 768 1588 820 plus
1614 768 1838 806 difficultatis
1864 782 1910 807 ex
1936 771 2105 807 universa

309 837 504 874 scribentis
531 838 706 875 brevitate
734 844 770 873 et
798 837 1029 873 festinatione
1056 849 1167 885 quam
1195 850 1241 872 ex
1269 836 1464 873 verborum
1495 837 1671 873 sententia
1699 835 1833 882 habet,
1869 849 1963 885 quae
1988 850 2103 886 quan-

310 911 387 942 tum
426 905 593 956 equidem
631 903 795 955 intelligo
835 902 926 941 haec
965 909 1041 950 est,
1087 909 1128 940 ut
1162 902 1302 941 Brutus
1337 917 1378 941 se
1413 900 1639 954 Appulejum
1676 902 1731 940 in·
1750 902 1896 954 propria
1935 902 2100 954 epistola,

312 984 421 1021 quam
449 977 511 1008 aut
536 972 604 1021 ipsi
631 970 827 1007 traditurus
854 977 918 1007 aut
945 976 1042 1007 certe
1076 970 1122 1007 de
1148 971 1229 1020 ipso
1257 970 1490 1020 peculiariter
1515 969 1561 1006 ad
1591 969 1806 1007 Ciceronem
1834 971 2011 1006 missurus
2038 972 2099 1016 sit,

310 1037 546 1088 amplioribus
581 1037 750 1075 laudibus
783 1038 1120 1075 commendaturum
1155 1051 1234 1075 esse
1270 1037 1388 1086 dicat3
1429 1051 1470 1075 ea
1502 1038 1597 1074 enim
1629 1043 1684 1073 est
1713 1051 1781 1073 sua
1810 1037 1992 1087 epistola,
2029 1052 2102 1075 uon

308 1103 438 1151 aliena,
469 1109 508 1139 ut
539 1103 644 1152 haec,
677 1116 771 1154 quae
799 1117 866 1154 pro
897 1103 1033 1141 Bibulo
1063 1105 1182 1154 potius
1213 1105 1347 1154 scripta
1378 1110 1446 1150 est,
1485 1116 1603 1154 neque
1633 1103 1736 1140 aliter
1762 1103 1968 1141 Middleton
1994 1105 2100 1142 intel-

309 1170 441 1207 lexisse
468 1169 631 1218 videtur,
661 1171 726 1221 qui
747 1171 800 1207 sic
827 1171 954 1207 vertit:
984 1171 1048 1207 but
1073 1170 1292 1207 Domitius's
1316 1171 1547 1220 pretemious
1576 1170 1660 1207 will
1689 1171 1732 1207 be
1761 1176 1816 1207 set
1841 1171 1946 1222 sortla
1978 1172 2017 1207 in
2041 1172 2103 1217 liis

312 1249 394 1272 own
421 1236 573 1285 epistle3
602 1238 658 1272 sin
687 1236 745 1273 vel
773 1237 928 1272 maxime
952 1237 984 1272 is
1017 1250 1146 1273 sensus
1173 1238 1240 1283 sit,
1274 1250 1382 1286 quem
1406 1236 1647 1273 Marklandus
1676 1236 1777 1273 vult:
1807 1236 1888 1273 that
1911 1237 2101 1274 Domitius

308 1302 392 1339 will
419 1303 462 1339 be
491 1302 701 1339 celebrated
731 1316 775 1339 or
803 1304 911 1340 made
935 1303 1083 1353 famous
1110 1303 1155 1352 by
1182 1303 1239 1340 lais
1265 1303 1417 1353 epis-tle,
1452 1309 1592 1340 tantum
1622 1302 1723 1340 abest
1754 1308 1795 1340 ut
1820 1305 2025 1342 necessario
2051 1306 2097 1341 ob

311 1369 369 1406 vel
396 1375 551 1418 propter
576 1383 681 1406 suam
705 1369 900 1419 epistolam
928 1368 1161 1406 scribendum
1194 1369 1327 1418 fuerit,
1368 1376 1408 1406 ut
1441 1382 1590 1419 prorsus
1619 1369 1746 1407 eodem
1777 1369 1885 1408 modo
1916 1370 2097 1408 Martialis

310 1434 457 1471 locutus
486 1435 533 1470 sit
558 1435 629 1471 IV.
658 1433 729 1470 29.
762 1434 807 1470 7:

662 1502 809 1551 saepius
836 1503 875 1538 in
907 1501 1003 1538 libro
1035 1508 1250 1540 utinm-atur
1277 1502 1430 1539 Persius
1461 1515 1556 1548 uno,

717 1581 827 1619 qaam
853 1567 943 1605 levis
971 1567 1009 1604 in
1037 1573 1114 1605 tota
1141 1567 1295 1606 Marsus
1319 1567 1574 1617 Amazonide3

308 1636 506 1686 eademque
535 1649 643 1673 causa
672 1642 727 1672 est
758 1635 878 1673 Cicer.
907 1649 974 1685 pro
1004 1636 1125 1673 Sestio
1148 1649 1182 1672 c.
1203 1634 1281 1672 42:
1318 1636 1500 1687 quomodo
1531 1636 1644 1686 iqitur
1670 1635 1741 1672 Ιιοι·
1770 1637 1808 1671 in
1833 1649 1964 1686 yenere
1987 1650 2096 1686 prac-

306 1704 398 1740 sidit·
434 1703 643 1752 comparati
673 1716 826 1739 accusas
859 1701 1046 1750 Sestium,
1083 1717 1237 1754 quorum
1274 1703 1386 1741 multa
1423 1702 1552 1740 similia
1585 1703 1766 1753 congessit
1794 1702 1967 1740 Handius
1998 1703 2095 1740 Tur-

306 1769 386 1807 sell.
421 1769 471 1806 Τ.
500 1769 576 1817 111,
600 1764 649 1819 ’μ
677 1767 778 1805 270.
844 1769 968 1806 Unum
1002 1770 1094 1806 illud
1126 1770 1216 1807 scite
1247 1769 1489 1808 Marklandus
1525 1770 1563 1805 in
1596 1767 1834 1806 Middletonis
1869 1770 2006 1806 ratione
2040 1783 2094 1806 re-

304 1835 520 1886 prehendit,
558 1842 599 1872 ut
631 1835 820 1872 celebrare
847 1836 1061 1887 plerumque
1092 1836 1137 1873 de
1166 1837 1397 1873 multitudine
1424 1835 1697 1886 intelligendum
1729 1848 1807 1872 esse
1838 1843 1998 1872 moneret
2013 1836 2093 1887 68);

303 1917 411 1953 posse
443 1910 562 1941 tamen
593 1904 700 1941 etiam
726 1903 772 1941 ab
802 1918 877 1941 uno
906 1903 1029 1954 aliquo
1056 1903 1181 1942 laudes
1209 1903 1363 1955 alicujus
1390 1903 1588 1950 celebrari,
1626 1903 1811 1941 notissima
1840 1902 2003 1954 exempla
2031 1903 2095 1942 do-

306 1975 391 2007 cent
424 1970 572 2008 Horatii
604 1969 730 2008 Carm.
762 1970 797 2007 I.
832 1969 899 2007 12.
926 1969 975 2006 2:
1017 1983 1122 2021 quem
1152 1971 1272 2007 virum
1304 1976 1369 2007 aut
1400 1970 1514 2007 heroa
1549 1971 1630 2020 lyra
1659 1970 1720 2006 vel
1750 1970 1833 2006 acri
1860 1970 1952 2005 tibia
1983 1971 2095 2006 sumis

305 2038 493 2073 celebrare
527 2037 637 2083 Clio,
673 2045 708 2074 et
738 2037 862 2075 Ovidii
893 2039 1009 2075 Trist.
1036 2038 1107 2075 IV.
1134 2037 1176 2074 4.
1206 2037 1280 2075 18:

597 2105 777 2154 Juppiter
804 2105 960 2156 inqeniis
983 2105 1138 2155 praebet
1162 2118 1230 2142 sua
1256 2105 1406 2142 nomina
1434 2110 1578 2151 vatum,

654 2184 763 2222 seque
795 2171 979 2209 celebrari
1004 2172 1168 2223 quolibet
1196 2185 1260 2209 ore
1291 2173 1401 2220 sinit3

303 2239 401 2289 qnod
433 2240 466 2276 si
501 2238 547 2276 de
576 2237 715 2288 reliqua
741 2239 930 2288 scriptoris
962 2239 1148 2279 voluntate
1178 2246 1330 2287 constet,
1364 2239 1434 2277 hoc
1463 2253 1575 2277 uuum
1605 2238 1822 2277 vocabulum
1852 2252 1896 2276 ne
1925 2238 2091 2276 emenda-

303 2307 401 2342 tione
429 2305 575 2356 quidem
610 2305 796 2356 indigere,
835 2306 968 2344 nedum
1002 2313 1112 2344 totam
1144 2307 1334 2357 epistolam
1371 2308 1409 2344 in
1442 2307 1683 2357 suspicionem
1712 2305 1891 2344 adducere
1922 2305 2087 2344 arbitrer.

302 2371 362 2408 De
389 2371 627 2410 undecima
655 2374 692 2408 in
723 2371 892 2410 historica
926 2373 1168 2423 disputatione
1194 2373 1360 2424 pluribus
1390 2373 1569 2424 agendum
1597 2375 1687 2421 erit3
1722 2373 1767 2411 de
1802 2372 1920 2410 verbis
1949 2380 2087 2410 tamen:

363 2529 410 2563 οε)
432 2528 504 2555 thid.
529 2539 557 2564 p.
580 2528 625 2555 68.
