2308 2908
307 335 425 372 minus
456 333 536 370 ideo
562 330 759 383 probabilis
789 330 945 366 inversio
980 328 1070 375 erit,
1111 327 1217 378 cujus
1254 328 1361 365 etiam
1396 341 1472 364 non
1508 329 1618 365 modo
1655 329 1745 366 satis
1781 329 1895 366 multa
1927 330 2092 382 exempla

306 399 449 451 praebet
468 398 536 448 39).
592 399 651 434 De
682 398 760 433 his:
803 398 928 448 fateor
959 396 1056 431 enim
1091 395 1279 430 dnn-iorem
1315 407 1392 430 esse
1427 396 1683 431 condicionem
1722 402 1910 446 spectatae
1944 398 2093 434 virtutis

305 481 411 519 quam
436 464 657 515 incoquitae,
685 462 829 502 duobus
857 462 978 500 verbis
1007 475 1134 500 moneo
1155 474 1285 498 causae
1307 460 1545 499 redditionem
1572 467 1738 512 spectare
1764 461 1811 499 ad
1839 462 1979 500 initium
2009 476 2093 500 sen-

302 534 429 572 tentiae
456 537 705 583 antegressae:
745 535 794 578 te,
830 529 978 576 Cicero,
1008 541 1097 580 roqo
1125 534 1234 580 atque
1259 528 1404 576 hortor,
1438 541 1485 566 ne
1511 528 1715 581 defatiqere
1743 535 1833 577 etc„
1864 542 1938 581 quo
1965 528 2091 568 Mark-

301 600 430 636 landus
465 598 592 636 oculos
625 598 788 636 attollere
824 598 938 634 noluit
955 596 1032 646 40);
1071 597 1109 631 in
1145 597 1257 632 totius
1294 602 1415 633 autem
1453 596 1627 646 epistolae
1666 597 1845 647 principio
1882 599 1971 635 satis
2009 611 2091 635 eum

300 667 422 704 mirari
445 679 518 703 non
547 678 716 716 possum,
757 664 819 715 qui
854 662 946 700 male
978 663 1070 699 inter
1104 675 1143 699 se
1179 663 1277 700 coire
1311 662 1411 700 dicat
1443 676 1536 714 quae
1569 663 1709 700 Brutus
1742 662 1891 701 scribit:
1928 664 2091 701 studium

303 741 402 771 tectam
436 746 599 784 curaque
633 734 679 770 de
705 732 823 768 salute
853 743 932 766 mea
962 728 1068 766 nulla
1099 742 1156 766 me
1190 743 1288 767 nova
1323 731 1515 781 voluptate
1545 730 1693 782 affeci&
1734 744 1810 768 non
1840 732 1961 768 solnm
1994 733 2091 769 enim

301 801 475 836 usitatum
504 800 572 836 sed
603 799 711 835 etiam
743 796 994 848 quotidianum
1023 802 1076 832 est
1109 796 1257 847 aliquid
1282 798 1415 833 audire
1446 798 1493 834 de
1521 804 1555 834 te
1583 799 1685 848 quod
1711 811 1782 847 pro
1811 805 1940 835 nostra
1969 800 2090 849 ‹liqui-

302 873 376 903 tate
400 866 565 917 fideliter
594 871 701 915 atque
734 862 936 912 honorifice
975 863 1116 899 dixeris
1148 868 1214 900 aut
1242 864 1391 914 seceris.
1449 864 1603 901 Rectius
1635 865 1686 901 ait
1710 865 1931 915 scripturum
1960 865 2087 912 fuisse,

300 935 331 971 si
358 933 513 971 salutem
536 946 600 982 pro
627 929 804 980 diqm‘tate
830 934 868 966 et
894 929 1114 980 diqnitatem
1146 943 1213 981 pro
1239 929 1361 968 salute
1383 931 1585 981 posuisset3
1626 930 1726 969 illam
1753 932 1851 969 enim
1878 931 2090 983 ampliorem

301 1014 378 1038 esse
406 1000 681 1051 dignitatemque
709 996 806 1033 velut
837 1009 954 1047 genus
980 998 1139 1047 speciem
1172 997 1388 1048 complecti3
1429 1004 1470 1035 ut
1497 1011 1595 1035 nune
1628 998 1792 1049 legatur,
1833 998 1983 1048 perinde
2010 1013 2090 1036 esse

301 1081 343 1103 ac
378 1069 409 1102 si
442 1067 612 1102 usitatum
647 1078 712 1114 pro
747 1064 966 1115 quotidiano
1000 1070 1036 1101 et
1071 1065 1290 1115 quotidiano
1323 1079 1391 1115 pro
1424 1066 1561 1102 usitato
1594 1064 1842 1103 substituisset
1859 1066 1931 1116 41).
1988 1067 2091 1103 Itane

298 1133 408 1170 vero?
461 1131 503 1169 Si
525 1130 655 1169 Cicero
678 1143 744 1181 pro
771 1130 927 1168 Plancio
956 1143 991 1167 c.
1014 1128 1092 1168 52:
1132 1131 1267 1179 ullum,
1295 1132 1428 1183 inquit,
1460 1137 1601 1169 tantum
1629 1144 1705 1168 esse
1729 1131 1939 1181 periculum
1963 1138 2088 1183 putas,

300 1205 436 1235 tantam
464 1198 753 1243 contentionem,
792 1210 904 1248 quam
930 1209 997 1246 eqo
1023 1210 1099 1233 non
1125 1199 1234 1234 modo
1259 1211 1330 1247 pro
1362 1198 1483 1234 salute
1511 1204 1597 1244 tua,
1635 1200 1701 1234 secl
1727 1199 1839 1235 etiam
1864 1212 1935 1247 pro
1969 1200 2090 1248 diqni-

301 1272 373 1303 tate
393 1264 620 1317 refiaqerem?
651 1270 772 1301 utrum
801 1263 917 1314 major
943 1270 999 1302 est
1025 1264 1147 1313 salus,
1177 1278 1271 1316 quae
1298 1266 1335 1302 in
1365 1271 1462 1303 statu
1486 1271 1628 1302 tantum
1655 1264 1813 1303 hominis
1840 1264 2092 1303 conservando

299 1333 475 1380 cernitur,
513 1344 558 1368 an
586 1329 766 1382 dignitas,
801 1343 896 1382 quae
924 1337 997 1368 tota
1028 1331 1076 1369 ad
1103 1331 1334 1383 splendorem
1361 1337 1399 1369 et
1425 1331 1579 1383 gloriam
1605 1330 1685 1382 ejus
1711 1332 1882 1370 tuendam
1910 1333 2092 1384 pertinet?

298 1400 355 1437 vel
381 1401 411 1436 si
436 1399 599 1449 Philipp.
627 1399 719 1437 vll.
749 1397 777 1435 2
805 1399 968 1437 Pansam
997 1401 1038 1436 in
1064 1401 1279 1450 asperrimis
1311 1400 1404 1437 belli
1436 1399 1559 1437 civilis
1585 1399 1765 1449 perieulis
1791 1414 1866 1437 non
1895 1402 2004 1437 modo
2032 1415 2092 1437 sa-

300 1467 385 1503 lutis
417 1467 483 1503 sed
515 1467 625 1503 etiam
660 1466 856 1517 diqnitatis
893 1480 983 1504 suae
1017 1468 1205 1519 fautorem
1241 1468 1355 1504 fuisse
1393 1465 1580 1517 praedicat
1589 1491 1603 1512 ,
1643 1465 1806 1515 phu-isne
1840 1467 1928 1504 fecit
1964 1468 2089 1514 vitam,

299 1547 404 1583 quam
432 1534 553 1570 Pansa
578 1532 648 1569 sibi
677 1539 880 1579 servasset,
909 1546 957 1570 an
979 1533 1102 1570 locum
1129 1534 1350 1571 senatorium
1376 1540 1413 1570 et
1440 1532 1692 1579 consularem,
1722 1546 1832 1583 quem
1860 1533 1958 1570 illius
1985 1533 2090 1571 bene-

297 1600 379 1637 flcio
410 1599 639 1637 retinuisset?
679 1604 719 1635 ut
750 1599 887 1635 mittam
916 1599 962 1636 de
993 1599 1102 1638 domo
1130 1613 1164 1636 e.
1194 1598 1267 1647 28,
1304 1613 1415 1650 quam
1443 1600 1645 1637 orationem
1673 1600 1839 1649 quamvis
1866 1600 1943 1649 ipse
1967 1600 2093 1637 Mark-

297 1666 425 1703 landus
452 1668 488 1703 in
517 1666 763 1703 testimonium
792 1664 984 1713 adhibeat,
1015 1673 1137 1703 tamen
1164 1666 1237 1704 fide
1263 1666 1411 1717 dignam
1439 1664 1593 1703 fortasse
1620 1679 1693 1704 non
1721 1671 1888 1712 censeat,
1918 1665 1982 1702 ubi
2007 1667 2091 1702 nul-

301 1733 374 1770 lum
402 1735 440 1770 in
473 1735 563 1771 urbe
586 1733 809 1785 eolleqium‚
843 1733 969 1770 nullos
992 1746 1161 1785 paqanos
1188 1739 1254 1770 aut
1279 1738 1471 1770 montanos
1494 1733 1611 1786 fuisse
1635 1734 1707 1781 ait,
1748 1733 1815 1785 qui
1838 1745 1913 1769 non
1939 1732 2091 1783 amplis-

300 1802 387 1838 sime
418 1814 491 1837 non
526 1802 634 1838 modo
669 1803 717 1838 de
744 1801 865 1839 salute
895 1815 963 1838 sua
991 1800 1030 1837 h.
1058 1814 1091 1837 e.
1123 1800 1168 1838 de
1196 1800 1338 1847 reditu,
1369 1801 1437 1837 sed
1465 1801 1576 1837 etiam
1605 1801 1652 1837 de
1675 1801 1879 1852 diqnitate,
1911 1800 1951 1837 h.
1981 1815 2015 1838 e.
2047 1800 2091 1837 de

354 1943 400 1977 39)
419 1943 544 1979 Philipp.
567 1945 604 1971 Il.
626 1945 678 1972 412
708 1956 780 1982 quos
799 1947 914 1973 clientes
935 1956 1014 1973 nemo
1036 1947 1139 1973 habere
1158 1946 1245 1977 velit,
1275 1956 1344 1972 non
1365 1946 1465 1972 modo
1493 1954 1551 1970 esse
1578 1953 1673 1970 eorum
1699 1944 1796 1970 eliens.
1838 1945 1916 1970 Fam.
1941 1945 1964 1970 1.
1987 1944 2013 1970 9.
2036 1945 2089 1971 21:

299 1994 408 2020 nullum
434 2004 523 2020 meum
549 1996 693 2022 minimum
720 1997 845 2028 dictum,
879 2007 950 2023 non
979 1997 1083 2023 modo
1114 1998 1224 2032 factum
1255 2007 1309 2033 pro
1339 1997 1463 2023 Caesare
1495 1996 1660 2021 intercessit.
1708 1997 1766 2021 ΑΗ.
1788 1995 1839 2022 lv.
1867 1996 1918 2021 142
1954 1996 2091 2022 secundas

299 2046 381 2071 etiam
397 2055 456 2077 res,
476 2055 516 2073 no
526 2057 543 2073 n
563 2048 664 2075 modo
685 2048 820 2075 adversas
837 2049 1076 2085 pertimescebam.
1118 2048 1192 2075 lbid.
1214 2048 1297 2075 vm.
1322 2047 1372 2074 16:
1394 2048 1470 2074 nihil
1487 2047 1714 2084 praetermissum
1734 2051 1791 2078 est,
1812 2046 1891 2084 quod
1910 2057 1967 2074 non
1988 2047 2092 2074 habeat

299 2098 448 2132 sapientem
469 2100 689 2129 exeusationem,
710 2109 780 2125 non
801 2099 901 2125 modo
918 2101 1108 2135 probabilem.

353 2146 399 2180 40)
420 2147 553 2174 Remarks
571 2158 601 2184 p.
617 2149 688 2176 216:
711 2150 756 2176 hie
773 2151 954 2186 propos-[tion
974 2151 1009 2181 is,
1032 2151 1095 2177 that
1114 2151 1192 2176 there
1211 2150 1235 2176 is
1255 2159 1291 2175 no
1311 2149 1380 2175 such
1402 2149 1484 2184 thiny
1505 2158 1537 2174 at
1557 2158 1574 2174 a
1595 2149 1680 2174 brave
1698 2149 1757 2174 and
1776 2148 1836 2183 {ree
1854 2148 1944 2179 ruina,
1967 2149 2090 2175 without

300 2203 449 2234 conflat-ey
469 2199 527 2225 and
546 2201 716 2236 equability.
765 2201 870 2236 'Vl-y?
902 2202 1076 2231 because,
1107 2211 1175 2236 says
1195 2201 1247 2231 lue,
1276 2201 1295 2226 1
1315 2199 1424 2236 consess
1445 2199 1507 2226 that
1528 2199 1575 2226 tlte
1594 2209 1656 2226 ease
1675 2199 1714 2235 of
1727 2198 1809 2235 tryed
1827 2199 1920 2225 virtue
1940 2200 1965 2225 is
1985 2199 2090 2226 hat-der

301 2249 368 2276 than
389 2250 451 2277 that
471 2251 509 2286 of
520 2250 653 2287 untryecl.
694 2251 725 2278 Is
746 2251 802 2279 Ποῦ
822 2262 840 2279 a
862 2253 957 2290 proos
977 2253 1016 2290 of
1034 2253 1081 2280 the
1105 2253 1258 2290 foreqoiny
1282 2251 1481 2289 proposition?
1521 2251 1551 2277 11
1570 2251 1593 2277 is
1613 2261 1645 2278 as
1663 2250 1746 2277 much
1766 2260 1784 2276 a
1800 2249 1895 2287 proof
1908 2249 1946 2286 of
1959 2251 2089 2277 transub-

300 2303 476 2329 stantiation.
516 2304 567 2329 An
586 2303 666 2330 older
684 2305 782 2330 writer
799 2304 899 2331 would
918 2305 992 2331 have
1010 2305 1076 2331 said
1095 2304 1245 2341 quidem
1266 2313 1298 2330 or
1317 2304 1455 2330 antem!

356 2352 401 2384 4¹)
422 2353 496 2380 lbid.
518 2364 547 2390 p.
563 2354 635 2381 2142
656 2355 705 2392 for
726 2355 830 2382 salus
850 2357 979 2382 contains
998 2365 1016 2381 a
1035 2360 1117 2393 yreat
1139 2355 1205 2381 deal
1225 2364 1300 2381 more
1321 2354 1391 2380 than
1411 2353 1474 2391 diq
1484 2355 1603 2384 nitas,
1624 2353 1718 2379 which
1738 2354 1762 2379 is
1782 2353 1851 2388 only
1871 2362 1889 2378 a
1905 2357 1974 2389 part
1994 2353 2032 2388 os'
2046 2354 2093 2379 the

302 2405 420 2439 sorar-er,
450 2406 508 2432 and
535 2417 665 2434 conen-ns
691 2407 794 2443 chiefly
821 2418 839 2434 a
866 2407 955 2433 man's
982 2407 1093 2434 honour
1120 2407 1179 2433 and
1205 2407 1353 2442 authority
1377 2426 1383 2432 .
1407 2425 1413 2432 .
1440 2426 1447 2432 .
1476 2407 1527 2433 but
1545 2407 1651 2433 salus
1673 2404 1873 2442 eomprehends
1893 2405 1937 2430 all
1957 2405 2013 2431 this
2033 2407 2092 2432 and

303 2455 385 2481 much
403 2464 478 2482 more
498 2476 505 2482 .
529 2475 536 2482 .
560 2476 566 2483 .
592 2458 652 2484 and
677 2458 863 2495 accordingly
893 2458 958 2492 they
985 2467 1034 2484 are
1061 2458 1173 2493 always
1200 2457 1410 2493 distinquisltecl
1437 2467 1469 2483 as
1497 2457 1544 2483 the
1570 2461 1683 2493 greater
1709 2456 1769 2481 and
1795 2456 1842 2481 the
1869 2456 1941 2486 lesu-,-
1972 2465 2091 2492 moxque

304 2516 332 2540 ῃ.
354 2505 425 2531 2152
457 2507 563 2544 ehanye
591 2509 637 2534 the
662 2509 747 2544 plaee
773 2508 811 2544 of
831 2509 877 2534 tlte
904 2514 959 2535 two
987 2514 1068 2534 ter-ms
1093 2508 1152 2534 and
1175 2513 1230 2544 put
1255 2507 1449 2543 diynitate
1475 2509 1505 2534 in
1532 2507 1579 2534 tlte
1602 2506 1667 2541 first
1682 2511 1752 2542 part
1771 2507 1809 2541 of
1821 2506 1867 2533 the
1885 2512 2013 2534 sentence
2032 2509 2092 2534 and

306 2558 433 2584 salute
453 2560 484 2585 in
504 2560 549 2586 the
569 2560 641 2592 last,
667 2560 726 2589 anal
745 2561 769 2588 it
788 2560 851 2588 will
870 2561 949 2588 make
970 2571 987 2587 a
1008 2560 1091 2587 mttelt
1112 2565 1188 2587 truer
1207 2560 1375 2597 aryumcnt!
