2421 2972
1132 211 1206 258 19

278 326 450 375 primario
481 326 519 361 in
551 323 738 375 republica
773 324 854 361 loco
888 325 1128 362 decreverint.
1202 326 1364 361 Tantum
1399 326 1509 376 igitur
1538 325 1662 371 abest,
1700 331 1742 361 ut
1774 325 1838 375 qui
1870 331 1934 360 aut
1964 336 2066 360 suam

278 399 341 428 ant
363 392 510 429 alterius
537 391 693 428 salutem
718 397 875 441 expetat,
901 391 1027 430 eadem
1050 405 1160 442 opera
1187 391 1349 442 ejusdem
1371 393 1588 442 diqnitatem
1616 390 1916 443 comprehendat,
1945 397 1987 429 ut
2003 389 2068 429 ci·

279 470 364 496 cero
389 457 437 495 ad
463 457 570 494 Fam·
597 456 688 494 vll.
713 455 766 495 21
793 457 851 495 vel
878 458 1017 496 amissa
1037 458 1133 508 reip.
1159 457 1341 510 diqm‘tate
1361 470 1401 494 se
1424 457 1581 495 salutem
1604 459 1763 496 retinere
1787 458 1950 496 voluisse
1975 458 2068 495 scri·

279 525 364 571 bat,
393 537 579 575 quumque
603 524 797 572 utilitatis,
826 531 867 562 ut
887 531 945 562 est
971 525 1017 563 de
1038 525 1184 562 Invent.
1211 525 1268 561 11.
1292 522 1365 572 56,
1396 525 1494 562 duae
1514 531 1640 574 partes
1666 539 1742 563 esse
1764 526 1982 572 videantur,
2009 526 2066 562 in·

280 592 473 629 columitas
504 598 540 629 et
563 592 751 642 potentia,
790 591 852 629 illa
878 592 949 631 bac
977 592 1085 631 facile
1112 591 1271 640 carebit',
1301 590 1393 629 haec
1420 591 1499 630 sine
1526 591 1588 629 illa
1615 591 1785 631 diuturna
1808 606 1891 631 esse
1916 593 2065 644 nequit;

281 657 381 709 quod
410 660 441 695 si
471 658 609 696 Brutus
637 659 695 696 vel
726 658 937 710 quotidiano
970 672 1040 696 usu
1066 658 1282 697 Ciceronem
1309 659 1443 695 salutis
1473 671 1561 696 suae
1588 658 1789 697 studiosum
1822 662 2065 711 cognovisset,

279 726 471 776 diqnitatis
498 725 673 764 fautorem
701 725 785 763 inde
814 725 984 777 colligere
1009 739 1082 764 non
1109 733 1269 777 poterat,
1299 727 1364 777 qui
1390 732 1512 763 autem
1540 739 1608 777 pro
1635 727 1815 778 dignitate
1843 740 1951 778 saepe
1976 726 2067 765 flde-

280 793 362 830 liter
388 800 424 830 et
450 793 649 830 honorifice
675 792 835 840 dixerat,
870 793 985 830 eidem
1010 794 1166 831 salutem
1193 806 1298 830 suam
1324 792 1427 830 cordi
1456 807 1536 831 esse
1564 793 1660 831 ultro
1691 792 1931 843 intelligebat.
1988 794 2069 831 Nec

276 858 406 909 justior
432 857 661 909 reprehensio
688 865 741 896 est
773 859 947 909 epistolae
973 859 1202 907 decimae,
1239 858 1344 909 cujus
1368 858 1520 897 eandem
1550 873 1698 897 causam
1724 872 1805 898 esse
1832 860 1904 906 ait,
1942 866 1982 896 ut
2010 873 2068 896 or-

280 925 399 963 dinem
435 924 625 963 verborum
665 925 891 977 labefactare
927 933 964 964 et
999 940 1144 964 movere
1180 926 1392 977 perverterit
1424 927 1463 962 in
1497 926 1577 963 his:
1621 928 1691 964 sed
1727 928 1782 964 ita
1816 926 1933 963 naulta
1968 927 2069 963 labe-

276 994 435 1043 factant,
473 999 513 1029 nt
542 1006 588 1029 ne
615 998 805 1030 moveatur
831 994 1014 1030 interdum
1037 995 1269 1031 extimescam
1285 994 1365 1045 4²);
1393 995 1474 1044 ipso
1497 995 1593 1030 enim
1621 1000 1724 1031 motu
1750 1007 1812 1031 res
1839 993 2066 1039 labefactari,

280 1073 354 1098 non
380 1058 632 1097 labefactando
659 1060 809 1107 moveri,
839 1059 1106 1111 dicendumque
1133 1059 1250 1099 fuisse
1276 1074 1323 1098 nc
1346 1061 1516 1113 funditus
1546 1066 1746 1108 evertatur,
1777 1067 1818 1098 ut
1845 1061 1957 1099 Verr.
1988 1060 2063 1097 ΙΙΙ.

279 1124 354 1163 18:
400 1126 642 1177 labefactarat
671 1127 768 1163 em'm
795 1127 1025 1163 vehementer
1056 1133 1223 1164 aratores
1255 1129 1334 1177 jam
1367 1128 1537 1176 superior
1567 1141 1708 1173 annus,
1746 1129 1942 1177 proximus
1978 1141 2065 1164 vero

275 1194 443 1243 {unditus
469 1199 660 1229 everterat.
718 1192 773 1231 At
800 1194 834 1230 si
858 1194 909 1230 ita
936 1192 1067 1230 Cicero
1093 1194 1320 1243 scripsisset,
1357 1193 1463 1243 longe
1489 1192 1589 1230 aliud
1616 1192 1767 1231 dixisset
1800 1206 1844 1231 ac
1881 1207 1956 1244 quo
1990 1200 2064 1231 tota

277 1259 356 1310 ejus
388 1259 564 1297 sententia
592 1260 817 1307 continetur,
855 1258 1051 1297 Octaviani
1078 1259 1297 1310 praesidium
1324 1258 1445 1296 adhuc
1477 1258 1624 1310 quidem
1648 1259 1719 1296 sibi
1750 1259 1896 1296 firmum
1929 1259 2061 1306 videri,

278 1326 368 1362 adeo
396 1332 517 1362 tamen
544 1325 678 1362 multos
706 1326 797 1362 illud
824 1326 1028 1363 convellere
1047 1333 1084 1363 et
1105 1328 1143 1363 in
1170 1327 1330 1363 diversas
1353 1332 1473 1375 partes
1494 1339 1636 1375 rapere,
1666 1333 1706 1363 ut
1728 1326 1910 1364 interdum
1939 1328 2065 1364 timeat

282 1407 327 1430 ne
354 1393 455 1431 velut
479 1393 632 1430 statione
658 1392 721 1430 illa
745 1392 849 1430 firma
875 1393 1000 1431 relicta
1026 1393 1157 1432 horum
1186 1391 1444 1431 tentationibus
1467 1392 1594 1443 cedat3
1632 1392 1731 1444 qnod
1759 1406 1826 1431 cur
1852 1406 1928 1431 non
1955 1392 2064 1431 liceat

280 1461 420 1496 moveri
445 1460 581 1506 dicere,
617 1459 718 1496 nulla
745 1461 838 1497 ratio
865 1467 933 1507 est,
970 1473 1037 1497 nec
1064 1461 1150 1510 quia
1174 1460 1353 1497 interdum
1380 1473 1437 1497 res
1459 1462 1595 1498 moveri
1622 1473 1772 1498 necesse
1798 1467 1869 1508 est,
1897 1467 1938 1497 ut
1960 1460 2061 1497 labe·

277 1527 482 1573 sectentur,
509 1526 594 1564 inde
619 1527 782 1577 sequitur
804 1533 845 1564 ut
865 1527 964 1577 quod
991 1540 1057 1564 sua
1077 1526 1233 1577 quadam
1259 1527 1297 1563 vi
1323 1539 1367 1563 ae
1392 1525 1522 1564 robore
1547 1526 1692 1564 firmum
1719 1532 1808 1574 stet,
1836 1527 1958 1564 statim
1987 1527 2061 1576 pri·

277 1594 345 1628 mis
370 1592 468 1629 velut
493 1592 624 1629 ictibus
653 1600 798 1630 corruat
823 1599 859 1630 et
880 1593 962 1631 loco
988 1607 1055 1631 suo
1077 1593 1243 1644 pellatur.
1301 1592 1381 1640 Sic,
1412 1599 1452 1629 ut
1477 1592 1548 1630 boc
1575 1599 1669 1640 utar,
1693 1606 1756 1630 eos
1772 1606 1929 1643 quorum
1950 1592 2060 1629 fidem

279 1658 411 1695 Cicero
446 1672 513 1708 pro
543 1658 712 1697 Cluentio
748 1672 783 1696 c.
809 1658 865 1696 68
893 1666 1015 1696 narrat
1041 1659 1203 1698 Sassiam
1229 1659 1349 1708 pretio
1383 1659 1609 1710 labefactare
1637 1665 1807 1696 conatam
1836 1672 1937 1706 esse,
1975 1672 2061 1696 cen-

280 1739 451 1763 semusne
477 1725 547 1763 hac
574 1727 655 1775 ipsa
684 1739 723 1763 re
742 1725 821 1776 jam
854 1732 971 1764 motos
999 1739 1098 1773 esse,
1141 1738 1189 1761 an
1217 1725 1338 1776 potius
1371 1726 1456 1775 quia
1489 1738 1547 1761 res
1583 1725 1679 1762 intra
1715 1731 1867 1763 conatus
1898 1724 2063 1762 substitit

277 1807 351 1830 non
379 1793 521 1831 motos?
563 1792 621 1830 vel
656 1806 729 1843 quo
762 1807 807 1830 ex
841 1806 972 1844 genere
998 1792 1153 1843 plurima
1183 1790 1392 1831 Marklandi
1424 1791 1588 1842 exempla
1614 1799 1721 1840 sunt,
1760 1793 1792 1829 si
1822 1791 1914 1843 quid
1945 1798 2063 1830 terrac

277 1866 378 1896 motu
404 1858 660 1896 labefactatum
689 1873 761 1896 non
790 1859 979 1906 concidat,
1007 1872 1126 1896 nonne
1153 1858 1231 1908 ejus
1260 1857 1543 1896 immobilitatem
1572 1859 1693 1911 dignis
1719 1857 1891 1896 laudibus
1918 1859 2060 1910 praedi·

278 1924 466 1962 cabimus?
501 1930 683 1974 postremo
710 1931 751 1962 ut
775 1931 947 1975 appareat
972 1925 1011 1961 in
1037 1924 1183 1962 homine
1211 1931 1327 1971 certe,
1365 1926 1428 1975 qui
1456 1938 1523 1962 sua
1549 1927 1680 1963 virtute
1704 1933 1740 1963 et
1767 1927 1969 1964 constantia
1995 1927 2060 1962 niti

279 1990 421 2037 debeat,
452 1990 565 2027 multo
588 1991 723 2041 majore
749 1992 786 2027 vi
812 2004 904 2041 opus
933 2004 1015 2028 esse
1038 1991 1085 2027 ad
1112 1992 1329 2028 movendum
1356 2004 1465 2041 quam
1492 1992 1539 2028 ad
1564 1992 1880 2043 labefactandam,
1910 1990 2060 2029 Laberii

278 2056 386 2094 verba
414 2056 577 2108 legamus
604 2071 649 2094 ex
675 2056 863 2107 praeclaro
888 2057 951 2095 illo
978 2057 1129 2109 prologo
1156 2058 1302 2095 mimico
1329 2057 1428 2109 apud
1455 2057 1623 2096 Macrob.
1655 2058 1808 2095 Saturn.
1836 2058 1891 2095 11.
1919 2056 1967 2093 7:

595 2136 701 2173 quem
733 2123 840 2159 nulla
874 2125 1050 2171 ambitio,
1089 2125 1196 2161 nulla
1224 2139 1385 2176 uniquam
1418 2125 1591 2175 larqt'tt'o,

595 2188 720 2225 nultus
753 2190 884 2236 timor,
924 2191 979 2226 vis
1006 2190 1135 2237 nulla,
1173 2191 1279 2227 nulla
1310 2192 1534 2238 auctoritas,

597 2268 740 2293 movere
764 2262 912 2306 poterat
945 2257 983 2292 in
1005 2257 1163 2308 juventa
1195 2259 1241 2294 de
1271 2264 1393 2305 stata,

598 2338 680 2362 ecce
708 2326 746 2361 in
773 2329 919 2362 senecta
945 2330 985 2360 ut
1006 2324 1122 2375 facile
1149 2324 1323 2376 labefecit
1350 2325 1432 2362 loco

334 2456 382 2489 42)
402 2456 537 2481 Remu-ks
558 2464 586 2490 p.
609 2454 659 2480 49:
692 2454 753 2480 that
773 2456 812 2480 is:
841 2455 893 2480 but
912 2454 988 2480 there
1005 2464 1053 2480 are
1072 2464 1102 2481 so
1123 2465 1207 2489 man-y
1232 2455 1297 2481 who
1326 2456 1424 2481 make
1450 2456 1521 2481 him
1550 2460 1582 2481 to
1593 2460 1682 2485 tter,
1713 2455 1774 2480 that
1803 2455 1821 2480 Ι
1846 2465 1892 2482 «ιιι
1911 2458 2065 2482 seneli-ies

278 2506 377 2541 ali-aid
396 2507 449 2533 lest
468 2506 503 2532 he
521 2505 627 2532 should
646 2505 678 2531 be
696 2504 833 2534 κουρά,-
860 2505 956 2531 tvl-ich
975 2506 1000 2531 is
1019 2515 1051 2531 a:
1071 2505 1102 2541 if
1113 2514 1173 2541 you.
1189 2505 1296 2531 should
1313 2515 1365 2540 say
1386 2505 1424 2541 of
1437 2515 1454 2531 a
1476 2505 1533 2531 bad
1553 2506 1665 2536 writer,
1688 2506 1751 2531 that
1770 2506 1804 2532 he
1822 2507 1917 2533 makes
1934 2508 2066 2534 attrahes

279 2562 330 2584 not
350 2557 417 2592 only
438 2558 467 2584 ιίι
489 2566 569 2593 every
590 2556 681 2586 line,
704 2556 754 2581 but
774 2565 840 2582 even
860 2556 889 2581 in
909 2564 989 2590 every
1009 2557 1122 2592 page-¹
1160 2556 1206 2581 He
1226 2556 1318 2592 ought
1334 2556 1431 2581 rather
1453 2562 1480 2581 to
1502 2557 1573 2582 Ιιιιυι·
1594 2557 1761 2592 transposed
1779 2557 1827 2583 the
1845 2558 1939 2583 words
1959 2562 2015 2584 ete.

1606 2609 1655 2621 ,ἡ

1603 2622 1631 2645 ι)
