2308 2908
1102 232 1185 276 44

246 349 412 400 despero,
444 346 542 397 quod
568 361 682 398 quum
710 352 853 398 praeter
878 345 975 384 hanc
1001 345 1192 397 epistolam
1220 344 1319 397 apud
1346 344 1488 383 nullum
1516 357 1670 396 usquam
1691 343 1900 385 Latinitatis
1923 353 2048 386 aucto—

248 431 324 454 rem
350 416 576 461 inveniatur,
607 413 725 450 facilis
753 413 964 464 conjectura
988 420 1046 451 est
1069 419 1206 464 quanto
1234 413 1355 451 studio
1383 413 1428 450 ab
1455 413 1520 450 illo
1547 413 1768 464 exagitatum
1790 415 1860 461 sit,
1890 414 1982 452 adeo
2009 423 2050 453 ut

248 483 304 520 vel
328 482 399 519 hoc
423 495 497 519 uno
524 480 661 518 indicio
689 481 803 518 totius
829 480 914 519 libri
942 481 1186 519 salsimoniam
1212 481 1311 518 velut
1335 479 1502 517 manibus
1529 479 1600 517 sibi
1627 486 1750 518 tenere
1774 482 1958 519 videretur
1973 482 2045 534 99).

247 549 377 586 Cicero
404 549 500 584 enim
528 547 574 584 de
600 548 721 584 reditu
744 561 812 585 suo
839 550 876 584 in
904 548 1052 584 urbem:
1092 550 1247 597 perrexi
1277 555 1422 595 tamen,
1459 549 1603 597 inquit,
1636 547 1870 600 Romamque
1896 552 2052 600 perveni

244 615 420 666 nulloque
444 615 637 665 pracsidio
666 616 916 667 quatefeci
937 614 1171 663 Antonium,
1207 614 1272 653 ubi
1298 614 1400 667 quod
1424 620 1588 653 extremo
1611 613 1696 652 loco
1717 614 1870 653 verbum
1898 615 2046 668 legitur,

244 682 334 720 adeo
357 695 442 720 sane
470 681 657 734 singulare
682 688 752 731 est,
782 687 823 719 ut
850 681 958 719 facile
985 682 1127 732 passuri
1150 682 1279 730 simus,
1311 683 1344 719 si
1373 694 1439 733 pro
1465 694 1508 719 eo
1535 681 1698 733 labefeci
1720 681 1781 718 vel
1804 683 2051 734 conquassavi

242 752 418 800 scriptum
446 756 566 797 esset3
612 749 710 799 quod
741 756 860 785 tamen
887 749 1130 785 Marklandus
1165 751 1203 785 in
1239 763 1282 785 eo
1319 763 1364 785 ne
1399 750 1603 799 analogiam
1638 749 1787 798 quidem
1822 749 2047 798 probabilem

244 817 441 870 agnoscit,
480 817 566 869 quia
594 815 663 853 alia
698 814 858 866 ejusdem
890 816 1034 867 generis
1069 816 1292 868 composita,
1333 828 1427 867 quae
1454 829 1476 853 a
1502 816 1704 853 transitivis
1731 814 1965 862 deriventur,
2006 821 2047 852 ut

244 886 551 936 commonefacio,
580 884 858 934 condocefacio,
886 884 1172 935 perterrefacio,
1202 897 1286 920 cum
1312 883 1638 934 praepositionibus
1665 889 1804 920 tantum
1831 882 1957 933 juncta
1983 896 2045 920 ex-

244 958 365 1000 stent,
404 966 478 990 non
506 951 624 989 minor
651 949 832 988 calumnia
860 956 936 1000 est,
972 965 1082 1003 quam
1109 951 1142 989 si
1170 951 1255 1002 quis
1284 950 1466 1003 leqionem
1492 956 1590 989 recte
1618 949 1693 989 dici
1719 955 1853 1003 neget,
1892 950 1979 1002 quia
2008 950 2046 987 in

244 1018 373 1056 eodem
401 1019 634 1056 derivationis
662 1033 794 1070 genere
822 1019 1019 1069 contaqio,
1057 1019 1286 1065 internecio,
1316 1019 1486 1066 obsidio,
1522 1032 1596 1056 non
1629 1018 1754 1069 taqio,
1788 1018 1919 1065 necio,
1949 1018 2046 1054 sidio

245 1085 408 1135 dicatur,
453 1092 634 1136 postremo
663 1087 694 1123 si
721 1078 785 1123 vel¹
808 1087 964 1123 maxime
992 1086 1080 1123 ferri
1108 1091 1288 1137 nequeat,
1335 1086 1373 1121 in
1401 1092 1547 1137 promtu
1574 1092 1631 1123 est
1657 1083 1862 1122 emendatio
1889 1090 1963 1120 tam
1992 1083 2046 1120 fa-

243 1153 322 1190 cilis
348 1160 495 1203 tamque
521 1153 693 1191 omnibus
719 1155 882 1191 numeris
910 1155 1152 1200 conveniens,
1187 1159 1229 1190 ut
1260 1154 1291 1190 si
1324 1152 1415 1189 nihil
1443 1154 1594 1204 gravius
1626 1153 1663 1189 in
1692 1151 1750 1189 his
1782 1151 1886 1189 libris
1912 1165 2046 1190 occur-

243 1225 314 1267 rat,
341 1220 440 1270 quod
468 1233 531 1258 cos
553 1222 591 1257 in
619 1220 864 1271 suspicionem
891 1220 1062 1268 adducat,
1092 1226 1242 1272 propter
1265 1220 1337 1257 hoc
1366 1219 1518 1257 verbum
1545 1232 1593 1256 ne
1614 1217 1742 1255 umbra
1767 1218 1915 1269 quidem
1939 1231 2043 1255 scru—

246 1287 323 1337 puli
349 1287 508 1325 residere
531 1289 661 1338 possit.
717 1288 804 1326 Non
826 1287 898 1326 hoc
925 1288 1024 1336 dico,
1054 1288 1258 1326 necessario
1284 1286 1550 1325 emendandum
1576 1300 1669 1333 esse,
1695 1287 1909 1342 praesertim
1931 1300 2045 1337 quum

248 1353 318 1391 tale
346 1353 498 1391 verbum
527 1356 596 1402 sit,
627 1355 732 1405 cujus
761 1369 829 1393 nec
857 1354 976 1392 medio
1003 1368 1093 1392 aevo
1121 1354 1218 1392 ullus
1245 1368 1334 1391 usus
1361 1354 1495 1402 fuerit,
1527 1353 1623 1392 unde
1649 1367 1721 1392 non
1751 1353 1871 1391 dicam
1896 1353 2045 1391 falsario

254 1419 319 1457 sed
349 1407 500 1458 librario
522 1421 719 1472 subrepere
746 1423 925 1472 potuerit3
959 1421 1022 1459 sed
1046 1423 1076 1459 si
1104 1422 1164 1458 cui
1188 1421 1352 1460 videatur
1379 1421 1629 1460 emendatione
1652 1435 1746 1472 opus
1775 1435 1875 1469 esse,
1907 1420 2045 1459 scribat

250 1486 429 1538 calefeci,
468 1500 542 1538 quo
570 1479 652 1539 ipso
679 1488 860 1526 vocabulo
884 1490 922 1524 in
948 1488 1057 1524 simili
1089 1500 1200 1524 causa
1229 1489 1343 1525 utitur
1370 1488 1503 1525 Cicero
1527 1488 1574 1524 ad
1601 1488 1678 1535 Qu.
1710 1488 1760 1524 fr.
1788 1489 1864 1524 111.
1891 1488 1941 1524 2:
1983 1502 2045 1525 eo·

250 1554 332 1590 dem
369 1555 432 1591 die
469 1555 676 1593 Gabinium
710 1557 762 1593 acl
790 1555 971 1607 populum
1009 1555 1193 1591 luculente
1228 1554 1449 1605 calefecerat
1474 1554 1676 1591 Memmius
1702 1555 1779 1601 sic,
1817 1560 1858 1592 ut
1893 1554 2045 1592 Calidio

247 1622 398 1658 verbum
426 1635 497 1671 pro
534 1636 576 1660 co
609 1623 738 1675 facere
771 1636 846 1660 non
876 1622 1047 1668 licuerit,
1093 1634 1160 1658 nec
1199 1634 1347 1671 prorsus
1385 1619 1608 1658 dissimiliter
1642 1620 1689 1658 ad
1716 1621 1875 1659 Pansam
1908 1621 1934 1658 l.
1966 1622 2042 1659 111.

246 1688 344 1739 apud
371 1688 535 1726 Nonium
563 1703 602 1740 p.
629 1688 708 1726 92:
751 1690 963 1726 rumoribus
994 1689 1235 1726 Ventidianis
1262 1687 1491 1739 calficimur,
1524 1694 1559 1725 et
1586 1687 1633 1725 ad
1659 1687 1793 1724 Famil.
1822 1688 1935 1725 XVI.
1964 1687 2039 1725 18:

248 1756 316 1792 isle
343 1769 410 1793 nos
440 1762 544 1794 tanta
570 1758 736 1807 impensa
764 1757 963 1794 derideat?
993 1757 1138 1809 calsace
1163 1756 1363 1802 hominem,
1393 1761 1436 1792 ut
1455 1769 1521 1807 eqo
1539 1756 1785 1804 Mothonem,-
1817 1754 1856 1792 h.
1881 1769 1915 1793 e.
1947 1768 2046 1794 com·

248 1837 376 1872 move,
414 1837 528 1872 vexa,
559 1823 728 1875 impelle,
758 1830 799 1862 ut
825 1824 933 1862 etiam
959 1823 1110 1862 Caelius
1138 1823 1185 1861 ad
1212 1822 1429 1861 Ciceronem
1460 1823 1592 1861 Famil.
1619 1823 1732 1862 vul.
1764 1821 1812 1861 6:
1851 1823 1886 1859 si
1908 1823 2049 1861 Partln'

248 1903 311 1927 vos
341 1891 401 1927 nil
426 1891 655 1943 calfaciunt,
691 1905 759 1928 nos
789 1892 851 1928 laic
879 1893 1024 1944 fiiqore
1049 1892 1299 1944 sriqescimus.
1358 1891 1417 1927 De
1451 1897 1635 1940 postremo
1668 1891 1839 1938 crimine,
1881 1891 1981 1941 quod
2008 1893 2046 1927 in

247 1958 316 1994 hac
345 1959 497 2008 epistola
526 1961 639 1996 movit
665 1958 809 1996 verbis:
854 1960 893 1995 in
920 1973 1003 1996 eam
1030 1973 1088 1995 me
1117 1960 1245 1996 arbem
1281 1960 1336 1995 ire
1367 1972 1501 2009 quam
1533 1965 1572 1996 tu
1602 1959 1773 2009 fuqcres,
1813 1956 1876 1995 ubi
1903 1960 2044 2008 perspi-

247 2024 391 2061 cuitatis
420 2037 530 2061 causa
556 2023 792 2063 scribendum
821 2018 941 2075 potius
968 2025 1082 2065 fnisse
1109 2026 1159 2062 ait
1186 2037 1233 2062 ex
1258 2037 1353 2076 qua,
1389 2025 1509 2076 quivis
1534 2024 1652 2071 videt,
1690 2037 1769 2062 eam
1794 2025 1909 2075 ipsam
1937 2024 2043 2063 Cice-

248 2094 349 2128 ronis
385 2094 601 2129 sententiam
637 2105 739 2139 esse,
780 2105 891 2142 quam
926 2092 1170 2130 Marklandus
1209 2093 1332 2130 multis
1365 2092 1539 2143 exemplis
1575 2092 1732 2129 ostendit
1767 2092 1879 2131 verbo
1913 2094 2044 2144 sicqcre

249 2171 333 2195 cum
361 2159 572 2196 accusativo
601 2158 735 2210 juncto
770 2159 909 2208 inesse,
950 2165 989 2197 ut
1022 2160 1181 2198 Brutum
1217 2173 1291 2198 non
1328 2166 1493 2198 coactum
1529 2159 1593 2198 sed
1627 2151 1758 2212 sponte
1793 2159 1920 2198 urbem
1959 2159 2042 2198 reli·

246 2331 372 2367 Philipp.
394 2331 477 2357 xm.
500 2331 534 2356 9:
570 2339 652 2366 quem
673 2334 731 2355 tum
751 2330 801 2355 ille
820 2329 929 2355 demens
949 2330 1059 2356 laedere
1078 2340 1107 2356 se
1124 2333 1249 2367 putabat
1271 2332 1426 2362 edicti-55
1454 2333 1512 2357 Au.
1540 2332 1600 2357 XV.
1627 2332 1657 2357 l:
1693 2332 1727 2357 tle
1753 2333 1858 2368 quibus
1886 2337 1912 2357 ιι·
1940 2332 2041 2357 bonam

243 2394 319 2420 spem
339 2383 487 2420 siqnilicas
508 2383 611 2409 habere
628 2386 747 2419 propter
772 2381 974 2408 edictorum
999 2383 1220 2414 numantinum,-
1252 2384 1343 2419 deque
1370 2384 1442 2420 ipsis
1468 2384 1555 2410 Bruto
1586 2388 1614 2410 et
1641 2378 1740 2410 Cassio
1767 2383 1843 2410 ven.
1869 2384 1978 2409 Patere.
2002 2383 2040 2408 Il.

244 2436 293 2460 022
324 2437 421 2461 testati
439 2435 574 2461 edictis
598 2454 604 2459 .
629 2453 635 2459 .
656 2434 822 2470 provincias
842 2435 1034 2470 exercitusque
1054 2440 1265 2471 occupauerant
1284 2439 1339 2461 etc.

299 2487 346 2520 99)
367 2488 503 2513 Rcmnrks
529 2497 559 2522 p.
584 2486 654 2512 122:
683 2485 756 2511 with
779 2485 875 2511 which
900 2485 980 2511 word
1005 2486 1025 2511 1
1048 2486 1127 2512 shall
1154 2487 1289 2513 conclude
1315 2487 1475 2524 thisplneael
1501 2488 1539 2523 of
1558 2488 1603 2513 11η·
1624 2488 1770 2524 lungun-qe
1791 2486 1830 2522 of
1842 2496 1895 2513 our
1914 2487 2041 2517 Auelmr,

244 2540 326 2576 being]
345 2539 524 2575 persuaded,
553 2539 617 2565 that
638 2538 694 2564 this
720 2537 813 2574 sin-elle
838 2538 965 2564 instance
992 2537 1089 2564 would
1112 2539 1143 2565 be
1162 2538 1301 2574 sufficient
1320 2543 1347 2565 to
1370 2539 1436 2565 ruia
1457 2539 1503 2565 the
1523 2539 1612 2565 credit
1633 2539 1671 2575 of
1684 2548 1701 2565 a
1721 2540 1802 2565 muel·
1827 2539 1915 2565 bcner
1931 2539 2040 2575 perfor-

242 2602 338 2618 mance
359 2592 428 2618 than
452 2593 527 2618 these
549 2591 663 2627 rpistlcs
682 2600 791 2627 appear
813 2595 839 2617 to
862 2592 903 2618 bc.
