2421 2972
284 355 449 402 spectant
474 351 675 402 sequentia,
705 364 744 388 se
767 355 969 402 respectum
994 350 1138 388 nullum
1163 364 1354 402 quaerere,
1392 351 1463 389 hoc
1490 357 1561 398 est,
1591 364 1663 388 non
1692 356 1732 388 ut
1757 348 1967 388 Middleton
1997 363 2075 386 ver-

285 420 348 464 tit,
385 431 455 454 nor
484 430 588 453 cares
618 424 654 453 to
686 419 814 454 attend
842 423 878 454 to
913 431 986 467 any
1019 418 1125 454 other
1143 418 1300 467 object,
1334 417 1398 453 sed
1428 417 1554 454 oculos
1582 431 1667 455 suos
1699 430 1772 454 non
1801 422 1899 454 retro
1926 429 2077 453 cernere

284 485 330 522 ad
365 490 550 535 receptum
586 483 740 534 aliquem
775 485 1044 535 quaerendum,
1084 491 1125 522 ut
1155 483 1322 534 Philipp.
1355 484 1431 520 XI.
1466 482 1536 520 11:
1580 498 1655 521 non
1684 491 1727 522 ut
1752 498 1799 521 ex
1827 498 1871 521 ea
1903 485 1986 521 acie
2016 497 2075 521 re-

283 556 446 601 spectam
475 550 712 599 haberemus,-
741 551 840 602 quod
866 556 987 589 autem
1011 550 1181 602 deinceps
1210 551 1388 601 majorem
1416 551 1535 587 animi
1558 557 1703 601 partem
1730 551 1894 589 Brutum
1918 557 1954 589 et
1981 550 2075 589 Cas·

283 619 379 654 sium
409 618 589 668 respicere
618 618 741 665 addit,
786 632 854 656 nec
885 620 1005 669 ipsum
1033 619 1079 655 de
1106 617 1242 669 populo
1268 617 1333 654 sed
1369 617 1415 654 de
1451 630 1490 654 se
1523 624 1696 668 tauquam
1724 619 1941 668 imperatore
1969 618 2074 664 dicit,

283 686 347 735 qui
380 686 416 721 in
453 686 566 721 aciem
600 699 812 736 progressus
845 684 892 722 ab
919 684 1042 735 aliqua
1069 691 1171 736 parte
1197 683 1359 722 subsidia
1387 690 1586 735 exspectet.
1651 684 1696 721 In
1725 684 1934 722 secunda
1963 684 2075 736 hujus

283 751 366 789 libri
394 752 545 802 epistola
573 759 713 802 praeter
737 752 858 790 literas
882 767 905 789 a
926 752 1086 790 Lentulo
1113 758 1296 803 acceptas,
1327 751 1372 789 de
1400 751 1535 802 quibus
1562 752 1730 802 superius
1760 751 1898 789 dictum
1925 759 1981 790 est
2000 752 2073 803 ⁸⁰),

283 833 395 856 unum
414 826 550 856 tantum
572 819 827 858 Marklandum
845 820 1009 868 offendit,
1037 820 1137 872 quod
1161 820 1294 871 Lepidi
1319 821 1479 857 animum
1504 833 1650 869 semper
1671 820 1860 856 inimicum
1885 821 1936 858 rei
1954 820 2074 871 publi·

283 900 347 924 cae
374 886 484 933 dicat,
514 899 621 934 quem
647 887 813 937 Philipp.
840 887 891 925 V.
917 885 972 923 14
998 900 1142 938 semper
1168 886 1344 937 populum
1367 887 1577 924 Romanum
1602 886 1759 924 liberum
1785 886 1943 924 voluisse
1970 901 2073 937 prae-

282 955 377 991 dicet
388 968 400 1002 5
441 953 478 990 id
505 959 623 990 tamen
654 967 765 1003 quum
793 953 839 990 ad
866 954 1099 991 Latinitatem
1133 967 1207 991 nou
1238 955 1436 1003 pertineat,
1481 965 1579 989 nunc
1612 966 1687 990 non
1727 954 1845 1004 magis
1881 960 2074 1005 tangemus

282 1035 390 1071 quam
418 1033 510 1070 quae
542 1020 760 1057 Tunstallus
788 1026 824 1057 et
851 1020 890 1056 in
923 1020 1030 1070 hujus
1065 1026 1101 1057 et
1133 1022 1172 1057 in
1205 1022 1432 1071 sequentium
1467 1021 1692 1070 argumentis
1727 1020 1915 1058 historicis
1949 1034 2074 1072 repre·

281 1086 427 1136 hendit3
471 1087 508 1123 in
543 1093 672 1124 sexta
709 1086 853 1124 demum
889 1086 951 1123 hic
986 1085 1081 1124 idem
1116 1087 1223 1125 etiam
1260 1087 1371 1125 verba
1403 1087 1636 1124 criminatur:
1684 1100 1732 1124 ne
1759 1088 1881 1124 animi
1905 1089 2073 1138 partium

287 1156 459 1193 Caesaris
482 1154 889 1202 commoverentur-81),
928 1158 1135 1204 quanquam
1163 1154 1201 1191 id
1228 1156 1345 1204 ipsum
1374 1156 1421 1191 ita
1451 1155 1560 1200 facit,
1590 1159 1630 1189 ut
1657 1154 1693 1189 in
1724 1167 1808 1190 eum
1833 1167 1983 1204 quoque
2009 1168 2070 1191 ca-

282 1222 364 1269 dat,
403 1220 501 1272 quod
527 1220 572 1257 de
597 1220 816 1258 Marklando
843 1218 1029 1257 Gesnerus
1064 1234 1103 1270 p.
1130 1218 1218 1257 252
1246 1221 1318 1258 ait:
1357 1221 1424 1257 ubi
1449 1220 1704 1257 convenientia
1731 1215 1814 1257 eu'm
1848 1221 1978 1259 Tullio
2012 1223 2068 1258 iu-

281 1290 400 1335 veuit,
434 1293 581 1324 accusat
606 1289 747 1338 fartum
774 1293 811 1324 et
838 1287 1080 1322 imitationem
1103 1287 1310 1336 puerilem,-
1345 1288 1413 1323 ubi
1438 1288 1669 1338 aliquantum
1700 1289 1870 1334 diversa,
1898 1289 2067 1339 pereqri·

283 1370 370 1394 uum
391 1369 430 1393 se
456 1361 578 1392 tenere
608 1352 834 1390 arbitratur!
889 1353 1006 1390 Immo
1032 1352 1158 1390 eadem
1184 1352 1318 1400 verba,
1356 1368 1510 1404 quorum
1544 1354 1652 1392 modo
1680 1354 1916 1392 Latinitatem
1946 1355 2066 1392 incre-

280 1425 372 1475 puit,
401 1437 421 1460 e
448 1421 637 1460 Ciceronis
663 1419 872 1469 Philippica
899 1420 1023 1469 quinta
1049 1432 1218 1470 expressa
1246 1421 1379 1471 arguit,
1411 1422 1474 1471 qui
1499 1422 1531 1458 si
1558 1423 1608 1459 ita
1635 1421 1737 1473 loqui
1759 1427 1903 1474 poterat
1925 1434 1960 1459 c.
1984 1419 2062 1458 12:

279 1492 392 1529 alteri
418 1490 509 1527 victi
535 1493 641 1535 sant,
677 1487 790 1524 alteri
814 1492 900 1523 sunt
928 1499 948 1523 e
979 1487 1111 1523 mediis
1141 1486 1186 1524 C.
1222 1486 1395 1525 Caesaris
1420 1489 1613 1537 partibus,
1657 1502 1725 1525 cur
1758 1491 1903 1526 animos
1934 1489 2066 1526 harum

278 1559 400 1596 dicere
434 1554 614 1594 noluerit?
673 1553 738 1591 An
772 1553 862 1590 illud
890 1552 983 1590 male
1008 1552 1139 1602 habet,
1178 1553 1279 1604 quod
1308 1554 1478 1604 partibus
1509 1561 1682 1606 tanquam
1710 1555 1920 1594 hominibus
1948 1557 2070 1593 animi

278 1625 513 1662 tribuuntur?
566 1622 621 1659 At
645 1623 775 1672 opinor
795 1622 895 1670 ipsae
919 1626 1040 1669 partes
1066 1620 1253 1657 hominum
1279 1628 1385 1667 sunt,
1417 1628 1456 1657 ut
1483 1622 1632 1671 perinde
1657 1624 1706 1660 sit
1728 1624 1894 1673 partium
1921 1623 2067 1659 animm

279 1693 400 1730 dicere
430 1704 473 1728 ac
500 1687 740 1727 multitudinis
770 1687 828 1725 vel
854 1687 1033 1736 civitatis3
1074 1700 1143 1725 nec
1169 1688 1201 1724 si
1233 1688 1271 1724 in
1298 1687 1434 1737 duplici
1460 1689 1618 1739 genitivo
1647 1689 1864 1726 Tunstallus
1894 1689 2062 1736 offendit,

278 1760 381 1797 aliter
407 1757 528 1796 Pollio
554 1756 703 1805 scripsit
728 1753 775 1791 ad
800 1754 907 1791 Fam.
937 1754 992 1791 Χ.
1019 1753 1097 1792 55:
1137 1754 1225 1805 quia
1257 1755 1428 1792 videntur
1457 1761 1492 1792 ct
1519 1755 1630 1793 duces
1661 1762 1697 1793 et
1726 1756 1896 1793 veteram·
1925 1755 2065 1794 Caesa-

278 1828 331 1863 ris
353 1826 517 1876 partium
545 1823 749 1870 interiisse3
790 1821 944 1871 denique
977 1821 1010 1857 si
1043 1820 1101 1856 vet
1135 1821 1290 1858 maxime
1322 1834 1432 1871 neges
1463 1821 1677 1860 Ciceronem
1711 1821 1799 1860 alibi
1830 1829 1959 1873 partes
1994 1836 2063 1874 pro

279 1895 365 1944 ipsis
397 1890 625 1937 hominibus,
658 1890 722 1939 qui
745 1888 791 1925 ab
819 1887 974 1938 alicujus
1000 1886 1164 1937 partibus
1191 1893 1309 1935 stent,
1339 1887 1497 1935 dixisse,
1531 1889 1652 1926 Taciti
1681 1895 1779 1926 certe
1807 1891 2063 1927 auctoritatem

280 1973 456 2012 agnosces
483 1956 587 1994 Ann-
615 1955 690 1992 111.
713 1952 788 1991 18:
819 1954 928 2006 quasi
948 1959 1140 2006 quaereret
1168 1955 1297 1992 ducem
1319 1961 1355 1992 et
1378 1961 1529 2005 partes3
1560 1955 1664 2013 nist.
1691 1956 1767 1993 111.
1795 1955 1877 1993 66:
1906 1956 2063 1994 Primus

280 2034 316 2065 et
346 2027 489 2065 Fuscus
518 2031 554 2062 et
586 2023 768 2074 specimen
798 2021 962 2072 partium
991 2021 1194 2058 Mucianus
1222 2027 1294 2059 etc.
1356 2021 1401 2058 In
1437 2022 1631 2073 septima
1664 2019 1811 2074 quoque
1839 2022 1951 2074 hujus
1977 2023 2064 2061 libri

278 2094 427 2145 epistola
455 2091 599 2141 Oedipo
630 2103 723 2140 opus
749 2088 858 2125 fuerit
883 2088 930 2125 ad
957 2088 1215 2139 divinandum,
1253 2088 1340 2138 quid
1368 2089 1564 2126 Tunstallo
1591 2091 1630 2126 in
1656 2090 1715 2126 his
1742 2089 1865 2126 verbis
1891 2092 2064 2128 vitiosum

278 2162 397 2198 visum
430 2160 499 2196 sit:
536 2169 692 2210 quocum
718 2155 820 2192 vides
848 2154 918 2192 hoc
954 2161 1116 2205 tempore
1148 2155 1228 2206 ipso
1266 2156 1368 2207 quod
1393 2157 1443 2194 sit
1476 2162 1724 2209 quantumque
1760 2162 1946 2195 certamen
1957 2172 1970 2206 ς
2024 2159 2066 2195 id

276 2228 445 2279 profecto
477 2225 620 2261 nullum
653 2228 768 2268 esset,
807 2222 884 2257 nisi
917 2228 993 2258 tum
1028 2227 1262 2258 conservatus
1296 2228 1388 2259 esset
1420 2221 1613 2259 Antonius
1624 2237 1637 2271 ,-
1679 2222 1744 2260 sed
1777 2236 1823 2260 ne
1853 2223 2065 2261 Marklandi

336 2384 384 2418 80)
405 2385 473 2419 Png.
497 2383 544 2415 11,
564 2383 666 2419 quibus
686 2384 757 2410 adde
776 2383 998 2421 insignissimum
1019 2383 1176 2418 exemplum
1195 2384 1232 2409 ad
1252 2383 1352 2409 Fama.
1374 2383 1440 2409 vn.
1462 2381 1514 2408 23:
1545 2387 1654 2409 tantum
1674 2382 1752 2419 quad
1771 2393 1805 2409 ex
1824 2384 1968 2420 Arpinati
1984 2393 2063 2410 eeeee

278 2446 358 2467 ram,
385 2445 473 2473 quum
497 2435 569 2461 mihi
592 2423 611 2461 a
634 2440 660 2461 te
686 2435 784 2461 literae
803 2422 931 2460 read-‘tae
949 2438 1034 2465 sunt,
1064 2434 1100 2460 ab
1125 2433 1275 2470 ‘adunque
1294 2435 1392 2471 accepi·
1410 2434 1535 2461 Avianff
1555 2433 1670 2464 literas,
1699 2434 1749 2460 ubi
1769 2435 1866 2461 eade·
1886 2437 2064 2472 praepositio

279 2488 368 2523 priori
389 2488 453 2514 loeo
473 2488 637 2523 scriptorem
659 2487 804 2513 literarum
816 2505 825 2516 ,
845 2486 934 2511 altero
953 2484 1153 2517 tabellarium,
1173 2486 1223 2520 qui
1243 2494 1290 2511 ens
1310 2485 1425 2517 attulit,
1447 2485 1600 2519 signifieat.

334 2537 382 2572 81)
403 2539 524 2565 Observ.
544 2548 575 2575 p.
597 2537 665 2565 382:
697 2547 735 2564 em
760 2537 886 2563 intonen
912 2536 951 2573 of
969 2536 1024 2564 lit-0
1043 2537 1174 2572 Latiui’ey
1199 2545 1296 2563 occurs
1316 2536 1346 2562 ίκ
1366 2546 1385 2562 a
1401 2535 1554 2574 following]
1575 2536 1656 2564 letter
1677 2557 1683 2563 .
1709 2558 1714 2563 .
1740 2557 1745 2563 .
1770 2536 1839 2564 both
1860 2537 1907 2564 the
1928 2548 2065 2576 passages

278 2600 348 2617 seem
369 2596 396 2617 to
418 2592 450 2618 be
469 2590 598 2619 imitated
614 2590 687 2627 from
709 2589 754 2617 the
771 2589 948 2626 Philippics!
