2308 2908
1112 194 1188 241 u

258 332 408 357 numero
434 319 654 362 eximemus,
690 319 731 351 ut
757 315 826 350 nisi
856 313 999 358 omnia,
1029 322 1123 362 quae
1152 311 1268 362 ipsius
1295 312 1440 350 nomine
1467 312 1656 360 feruntur,
1687 312 1944 352 subtilissimae
1970 329 2045 353 ser-

260 387 374 423 monis
403 384 599 433 elegantiae
626 380 672 417 ad
706 380 882 417 amussim
914 379 1170 426 convenerint,
1212 378 1311 416 illico
1346 392 1421 416 non
1455 377 1565 417 modo
1597 379 1791 428 mendum,
1839 393 1913 430 quo
1939 395 2046 420 nemo

258 453 409 501 scriptor
440 448 547 486 facile
575 453 715 496 careat,
756 445 821 485 sed
852 445 985 484 salsum
1018 445 1165 483 subesse
1201 445 1447 482 criminemur.
1516 444 1619 492 Quid
1653 446 1753 496 quod
1789 448 1903 498 ipsius
1936 447 2047 485 Bruti

254 518 449 556 orationem
471 514 640 553 Ciceroni
662 516 873 566 neutiquam
898 513 1086 565 probatam
1110 513 1226 549 fuisse
1250 525 1365 563 quum
1387 512 1473 549 aliis·
1488 525 1534 549 ex
1560 511 1653 550 locis
1684 518 1763 549 tum
1798 515 2045 565 insignissimo

253 585 398 634 Dialogi
425 583 470 620 de
497 582 718 620 Oratoribus
743 596 778 620 c.
807 581 860 633 18
887 586 1055 631 apparet,
1085 578 1148 615 ubi
1171 592 1217 615 ex
1244 580 1332 629 ipsis
1360 592 1484 616 eorum
1510 579 1672 629 epistolis
1703 579 1925 630 deprehendi
1955 581 2045 618 dici-

252 659 332 699 tur,
372 652 528 688 Brutum
556 649 725 688 Ciceroni
754 649 907 687 otiosum
937 653 1046 698 atque
1076 646 1301 696 disjunctum
1324 647 1444 684 visum
1477 659 1557 684 esse
1567 661 1579 697 3
1619 652 1733 698 utque
1764 645 1835 685 hoc
1866 646 2044 698 judicium

251 717 297 755 ad
324 723 437 755 totum
465 717 587 768 potius
616 715 756 754 dicendi
783 727 898 766 genus
925 726 1034 764 quam
1062 711 1109 748 ad
1136 713 1379 751 elocutionem
1406 715 1605 765 pertineat,
1642 715 1680 750 in
1708 727 1780 765 qua
1808 715 1888 764 ipse
1912 714 2044 753 Cicero

250 784 446 835 aliquando
471 796 647 820 summam
675 782 750 833 ejus
773 787 884 817 artem
912 781 1061 831 agnovit
1083 779 1161 831 ⁵1),
1191 786 1310 818 exstat
1334 786 1454 818 tamen
1476 782 1684 818 etiamnunc
1711 782 1807 818 inter
1834 780 2044 820 Ciceronia-

251 866 316 889 nas
343 852 493 903 epistola
521 851 626 888 Bruti
653 856 687 887 et
715 847 831 887 Cassii
860 853 1067 899 praetorum
1095 847 1142 885 ad
1169 846 1377 887 Antonium
1405 848 1615 898 consulem,
1654 862 1749 900 quae
1775 850 1830 898 si,
1876 857 1916 888 ut
1943 849 2042 888 vide-

250 922 329 967 tur'‚
370 919 473 956 Bruti
509 931 615 954 manu
650 917 783 967 scripta
813 921 889 963 est,
929 928 1039 952 unam
1066 916 1098 952 is
1129 915 1323 954 verborum
1350 921 1570 953 structuram
1598 915 1767 964 admisit,
1807 930 1917 968 quam
1944 917 2043 969 apud

250 986 461 1024 Ciceronem
486 997 683 1034 nusquam,
712 997 830 1034 neque
854 985 1003 1021 omnino
1031 989 1217 1034 praeterea
1245 989 1285 1020 ut
1312 982 1469 1021 arbitror
1492 982 1589 1034 apud
1616 983 1732 1020 ullum
1760 980 1937 1036 pedestris
1960 999 2040 1023 ora-

250 1054 356 1089 tionis
384 1058 565 1089 auctorem
593 1050 842 1101 deprehendas
862 1050 941 1101 52)3
983 1057 1167 1101 postremo
1204 1052 1235 1088 si
1268 1048 1464 1088 identidem
1492 1049 1609 1101 Angli
1641 1052 1756 1089 nostri
1788 1051 1861 1089 boc
1896 1054 2040 1103 potissi—

246 1133 342 1156 mum
367 1118 447 1155 falsi
474 1118 581 1155 Bruti
607 1117 780 1156 indicium
810 1132 896 1169 prae
924 1131 963 1156 se
991 1119 1129 1166 ferunt,
1156 1124 1197 1156 ut
1223 1131 1262 1156 se
1289 1118 1369 1169 ejus
1397 1117 1509 1155 verba
1533 1117 1734 1170 intelligere
1761 1132 1866 1170 posse
1890 1127 2037 1173 negent,

244 1185 366 1224 eadem
393 1184 580 1222 Ciceronis
607 1186 644 1221 in
671 1198 757 1222 vero
789 1186 907 1223 Bruto
936 1186 1083 1223 fortuna
1110 1185 1201 1233 fuit,
1241 1184 1344 1236 cujus
1372 1185 1516 1233 literas,
1552 1198 1707 1236 quarum
1734 1186 1940 1237 exemplum
1967 1186 2039 1225 At-

244 1255 315 1289 tico
349 1254 455 1289 mittit
487 1253 579 1289 XV.
609 1251 689 1299 28,
730 1266 770 1289 se
806 1254 926 1302 ipsum
960 1254 1126 1303 queritur
1159 1253 1221 1289 vix
1255 1253 1484 1302 interpretari
1518 1254 1703 1303 potuisse!
1772 1253 1884 1301 Quod
1920 1262 2039 1293 autem

243 1318 453 1358 Tunstallus
480 1317 565 1356 inde
592 1331 739 1370 quoque
767 1317 1014 1357 calumniandi
1045 1331 1172 1356 ansam
1199 1318 1375 1370 arripuit,
1415 1325 1455 1357 ut
1482 1325 1618 1358 tantam
1647 1320 1838 1371 utriusque
1871 1320 2039 1371 epistola·

245 1401 323 1423 rum
350 1386 619 1424 similitudinem
647 1400 726 1424 esse
753 1387 913 1433 diceret,
949 1392 991 1423 ut
1012 1387 1074 1423 vix
1099 1400 1120 1422 a
1143 1385 1288 1424 duobus
1313 1386 1522 1424 bominibus
1549 1389 1706 1438 scriptae
1733 1387 1943 1425 viderentur
1965 1389 2038 1440 ⁵3),

243 1453 278 1490 id
315 1454 420 1504 quale
455 1453 664 1492 habendum
701 1455 771 1503 sit,
817 1453 1108 1493 commodissime
1139 1467 1185 1492 ex
1218 1454 1333 1505 ipsius
1369 1453 1494 1493 sodale
1530 1456 1785 1506 cognoscitur,
1828 1457 1891 1506 qui
1925 1470 2038 1508 quum

241 1522 407 1568 omnino,
446 1523 478 1558 si
508 1527 608 1558 recte
636 1522 848 1569 numeravi,
882 1522 1147 1572 quinquaginta
1173 1533 1238 1557 sex
1265 1521 1366 1558 locos
1394 1522 1431 1557 in
1458 1521 1528 1558 hac
1557 1522 1771 1559 collectione
1797 1522 2038 1572 reprehende-

242 1590 309 1634 rit,
341 1590 379 1624 in
408 1601 539 1625 novem
563 1590 672 1625 Bruti
700 1589 861 1638 epistolis
886 1588 1034 1626 totidem
1059 1587 1264 1625 offendendi
1292 1589 1502 1625 occasiones
1530 1594 1619 1638 quot
1646 1589 1685 1625 in
1711 1588 1867 1625 sedecim
1892 1589 2039 1629 Cicero-

242 1656 297 1691 nis
327 1655 489 1702 invenit,
524 1655 636 1705 inque
666 1668 737 1692 una
765 1654 827 1692 illa
855 1659 957 1692 sexta
986 1653 1148 1702 decima,
1184 1667 1294 1706 quam
1322 1655 1401 1706 ipse
1425 1653 1585 1705 alioquin
1614 1655 1754 1706 magnis
1782 1655 1950 1694 laudibus
1978 1670 2038 1695 ex-

241 1721 332 1759 tollit
349 1721 428 1773 54),
467 1721 572 1771 plura
601 1728 752 1772 peccata
787 1728 914 1761 contra
939 1724 1122 1760 sincerum
1148 1722 1359 1759 Latinitatis
1386 1736 1494 1759 usum
1523 1721 1702 1759 detexisse
1735 1721 1804 1759 sibi
1837 1724 1938 1761 visus
1966 1732 2038 1773 est,

245 1834 284 1868 ¹1⁴5}
309 1842 340 1858 :n
368 1832 545 1869 qebrauehen
574 1831 633 1858 und
659 1831 888 1862 nachznahmem
918 1831 985 1858 sind
1013 1852 1019 1858 .
1046 1851 1052 1857 .
1077 1851 1083 1857 .
1111 1831 1156 1857 die
1176 1832 1291 1858 meisten
1310 1831 1577 1868 Epistoloqraphen
1598 1832 1627 1858 in
1648 1830 1747 1857 beiden
1768 1831 1972 1870 Sammlunqen
1992 1833 2041 1859 der

243 1884 337 1919 Bries'e
359 1883 491 1910 Cicero‘s.

299 1935 342 1966 51)
362 1936 419 1961 Att.
442 1934 500 1960 XV.
529 1934 559 1961 1³
588 1940 628 1961 est
649 1940 743 1962 autem
764 1935 856 1961 oratio
876 1935 982 1970 scripta
1005 1934 1214 1971 eleqantissime
1233 1934 1395 1964 sententiis,
1423 1934 1515 1961 verbis
1535 1939 1568 1961 ut
1589 1935 1664 1961 nihil
1682 1935 1774 1971 possit
1793 1935 1889 1966 ultra3
1917 1944 1968 1972 eqo
1998 1940 2038 1961 ta-

243 1996 318 2017 men,
338 1987 364 2012 si
382 1986 464 2012 illam
485 1995 598 2012 eausam
619 1986 794 2016 habuissem,
815 1986 985 2021 scripsissem
1005 1985 1162 2011 ardentius.

300 2038 344 2070 52)
366 2038 442 2064 Fam.
464 2038 513 2064 Xl.
536 2039 569 2065 2:
600 2048 651 2065 nos
671 2039 708 2064 ab
729 2039 812 2064 initio
832 2042 971 2074 spectasse
991 2037 1079 2063 otium
1100 2047 1191 2074 neque
1212 2036 1369 2074 quidquam
1390 2036 1473 2063 aliud
1500 2036 1631 2064 libertate
1658 2038 1798 2064 communi
1820 2038 1961 2073 quaesisse
1982 2038 2039 2064 exi·

244 2095 287 2114 tus
308 2088 442 2115 declarat.
486 2090 635 2115 Poetarum
659 2090 788 2125 exemplu
808 2092 955 2124 comparat
975 2088 1137 2114 Schmidius
1157 2088 1194 2113 ad
1215 2087 1316 2113 Horat.
1339 2088 1433 2122 Epist.
1455 2088 1479 2113 l.
1503 2088 1547 2114 16.
1570 2088 1618 2114 20.
1660 2089 1737 2115 lllud
1756 2097 1870 2123 quoquc
1891 2081 1938 2113 vi⁴x
1958 2088 2038 2114 Cice-

243 2142 409 2171 ronianum,
437 2142 512 2176 quod
532 2141 561 2167 in
584 2141 642 2167 fine
662 2142 785 2175 legitur:
814 2150 901 2178 quiam
921 2139 955 2166 dc
974 2140 1056 2166 nobis
1078 2144 1182 2166 eertum
1201 2140 1241 2164 sit
1258 2147 1308 2164 ποι
1331 2139 1494 2175 quieturam
1521 2139 1562 2165 ita
1582 2142 1676 2166 tamen
1697 2140 1781 2166 etiam
1803 2141 1840 2166 1).
1862 2140 1966 2166 Brutus
1987 2139 2037 2165 Xl.

242 2193 273 2216 Ὧι
306 2192 340 2217 de
358 2192 490 2218 Pollione
514 2197 585 2227 puto
613 2197 638 2218 te
660 2193 818 2228 perspicere
837 2191 909 2228 quid
926 2191 1059 2225 facturus
1076 2191 1131 2220 sit‚·
1166 2190 1307 2217 Lentulus
1328 2191 1394 2216 xil.
1419 2190 1468 2216 14:
1499 2190 1533 2216 de
1552 2195 1650 2218 nostra
1670 2191 1812 2228 dignitate
1830 2191 1913 2216 velim
1934 2191 1989 2216 tibi
2009 2196 2039 2216 ut

243 2253 345 2280 semper
364 2253 447 2269 curae
466 2244 504 2270 sit
523 2247 576 2270 ctc.

301 2294 346 2327 53)
369 2294 489 2321 Obscrv.
511 2304 542 2330 p.
565 2294 636 2320 305:
673 2294 735 2320 that
763 2295 793 2319 in.
820 2294 867 2319 the
893 2293 986 2319 letters
1014 2293 1052 2328 of
1073 2292 1141 2319 both
1169 2293 1215 2318 the
1237 2294 1346 2328 parties
1374 2293 1449 2318 thaere
1470 2294 1494 2318 is
1514 2302 1531 2318 a
1550 2292 1669 2329 θεοισν-πὶ
1690 2300 1827 2318 sanneness
1847 2292 1886 2327 of
1897 2292 2038 2326 reflection

245 2345 303 2370 and
322 2355 340 2370 a
359 2346 431 2380 style
451 2346 511 2371 aoid
530 2355 646 2372 manner
667 2346 705 2381 of
718 2346 835 2381 writinq
854 2344 994 2381 perfectly
1017 2344 1145 2374 similar,
1174 2353 1241 2369 even
1267 2344 1297 2369 in
1324 2344 1526 2380 impropriety;
1557 2343 1617 2369 and
1642 2353 1660 2369 a
1686 2342 1825 2369 laboured
1850 2341 1910 2368 and
1933 2343 2039 2378 precise

243 2397 422 2432 pianetuality
434 2417 442 2428 ‚
463 2399 531 2424 both
551 2399 582 2424 in
602 2398 710 2424 diction
730 2396 789 2423 and
807 2396 972 2426 sentiment,
993 2405 1026 2421 as
1043 2395 1159 2431 plainly
1180 2395 1279 2431 heti-ay
1301 2395 1373 2421 their
1391 2395 1544 2422 schol-stin
1564 2395 1675 2431 origine
1694 2398 1751 2421 etc.

303 2448 348 2479 5⁴)
368 2448 502 2474 Reman-ks
521 2459 550 2483 p.
573 2449 624 2475 202
656 2449 706 2484 for
728 2458 759 2474 as
788 2453 815 2473 to
835 2447 968 2472 Brutus's
988 2447 1067 2472 other
1085 2447 1199 2482 famous
1218 2446 1318 2481 epistle
1340 2464 1347 2471 .
1372 2464 1379 2471 .
1409 2446 1485 2471 there
1504 2455 1553 2471 are
1573 2454 1604 2471 so
1628 2454 1714 2479 many
1733 2444 1793 2470 aad
1811 2453 1841 2470 so
1867 2449 1965 2481 strong]
1990 2446 2035 2471 ob-

244 2498 363 2533 jez-lions
384 2503 411 2523 to
436 2500 476 2529 it,
508 2500 570 2526 that
590 2500 610 2525 1
628 2500 710 2526 think
728 2500 752 2525 it
771 2503 845 2524 must
864 2497 947 2524 needs
968 2498 1000 2523 be
1026 2497 1072 2523 the
1089 2496 1285 2533 perferri-unce
1305 2495 1343 2531 of
1355 2505 1407 2522 one
1425 2496 1489 2522 who
1511 2495 1570 2521 had
1591 2496 1641 2521 but
1660 2505 1678 2520 a
1695 2503 1762 2529 very
1782 2493 1924 2521 moderate
1943 2495 2036 2522 know-

246 2547 326 2583 ledqe
345 2548 382 2583 os
395 2548 439 2574 the
461 2549 545 2576 Latin
567 2555 687 2587 touque,
718 2549 778 2576 and
797 2559 829 2576 as
848 2548 933 2575 small
953 2558 970 2574 a
989 2548 1072 2573 share
1092 2547 1130 2582 of
1143 2546 1236 2573 sonnd
1247 2545 1437 2582 judqeaoenu
1467 2545 1525 2572 tho’
1546 2546 1570 2571 it
1595 2549 1669 2571 munst
1694 2545 1727 2571 be
1754 2545 1877 2580 eons'est,
1910 2546 1972 2572 that
1991 2546 2037 2572 the
