2308 2908
1138 162 1179 203 4

260 279 408 316 easdem
436 276 643 320 machinas,
679 273 812 323 quibus
841 286 1004 310 summus
1031 272 1093 310 ille
1119 272 1267 309 criticae
1293 272 1382 309 artis
1413 275 1529 307 stator
1554 269 1866 308 Graecanicarum
1893 271 2064 321 epistola·

261 360 341 384 rum
370 345 539 396 figmenta
567 338 807 385 convellerat,
838 337 981 375 Latinis
1008 351 1155 390 quoque
1180 338 1291 376 Bruti
1316 344 1352 376 et
1378 336 1568 376 Ciceronis
1596 337 1793 375 convenire
1819 337 2062 376 existimaret:

260 409 442 463 quumque
479 410 564 446 huic
599 407 781 445 conamini
815 405 1023 444 Middleton
1058 407 1097 443 in
1134 407 1312 457 peculiari
1346 407 1493 444 illarum
1527 404 1762 455 epistolarum
1797 404 1956 442 editione
1990 418 2066 442 non

259 479 319 516 ille
345 477 489 528 quidem
526 477 646 525 inepte
681 479 745 511 aut
777 473 966 524 imperite,
1002 479 1160 512 attamen
1195 475 1317 512 minus
1350 473 1457 526 plene
1490 486 1559 511 uec
1587 473 1667 511 sine
1692 485 1873 511 novorum
1899 484 2065 510 errorum

258 544 457 595 adjectione
485 541 734 593 respondisset
746 540 797 592 6),
828 540 1047 579 Tunstallus
1074 555 1173 580 nunc
1200 541 1348 580 demum
1366 541 1468 593 justa
1491 541 1570 578 acie
1588 540 1768 577 instructa
1787 545 1908 577 tantas
1929 537 2066 577 doctri·

259 625 325 648 nae
351 617 386 647 et
412 608 590 646 acuminis
618 609 744 659 copias
771 609 810 644 in
838 606 996 644 medium
1020 608 1207 658 produxit,
1237 616 1278 648 ut
1299 609 1529 647 adversarius
1554 607 1652 645 velut
1680 606 1794 644 armis
1822 605 1869 644 de
1896 604 2065 643 manibus

258 678 419 716 excussis
448 676 719 715 obmutesceret
740 675 797 727 7);
837 674 993 726 denique
1025 675 1126 715 hunc
1160 678 1282 728 ipsum
1306 676 1381 729 jam
1408 677 1530 715 fusum
1557 682 1593 714 et
1619 675 1788 727 fugatum
1816 687 1837 711 a
1865 680 1969 725 tergo
2002 687 2068 725 ag-

257 757 402 795 gressus
428 744 613 781 Jeremias
641 742 879 780 Marklandus
911 748 948 779 ct
981 743 1080 780 illius
1117 744 1293 782 victoriae
1329 751 1468 796 partem
1503 743 1573 781 sibi
1606 742 1766 794 aliquam
1797 741 1996 778 vindicavit
2028 747 2066 778 et

258 812 382 849 eadem
421 825 531 861 opera
564 813 602 847 in
638 811 817 847 orationes
843 809 925 847 illas
956 817 1116 860 quatuor
1150 813 1286 849 invasit
1304 812 1362 863 8),
1411 825 1503 862 quas
1537 809 1729 861 postmodo
1759 811 1855 846 inter
1887 815 2067 846 nostrates

258 891 405 929 quoque
427 877 474 915 F.
504 876 558 914 A.
589 876 759 916 VVolflus
782 874 890 914 obelo
918 889 987 914 suo
1012 876 1224 916 confodisse
1251 892 1325 917 non
1348 877 1418 916 sibi
1447 883 1585 916 tantum
1608 875 1674 915 sed
1703 876 1810 914 etiam
1838 874 1962 913 multis
1985 873 2067 912 aliis

260 945 305 981 ad
335 945 433 982 hunc
461 959 576 996 usque
603 944 698 981 diem
725 945 826 981 visus
852 950 920 981 est.
980 944 1205 996 Quanquam
1240 945 1371 983 harum
1404 946 1550 997 quidem
1584 946 1634 981 ita
1670 950 1769 981 certe
1801 943 1912 995 longe
1939 942 2068 979 melior

263 1012 430 1051 condicio
453 1013 535 1061 fuit,
565 1011 663 1063 quod
691 1017 728 1049 et
754 1012 875 1049 statim
901 1026 1023 1050 acrem
1052 1013 1235 1051 vindicem
1264 1020 1394 1051 nactae
1422 1020 1507 1051 sunt
1531 1013 1599 1050 «Io.
1624 1011 1820 1050 Matthiam
1841 1010 2065 1058 Gesnerum,

261 1080 463 1117 immortale
487 1079 597 1131 hujus
623 1079 848 1118 Academiae
872 1079 1011 1128 decus,
1041 1093 1110 1118 nec
1135 1087 1219 1133 post
1240 1080 1429 1120 Wolfium
1456 1080 1671 1128 defuerunt,
1704 1080 1769 1131 qui
1795 1081 1872 1117 sive
1903 1079 2068 1116 omnium

260 1150 337 1184 sive
364 1146 590 1198 singularum
618 1149 668 1186 ita
699 1148 945 1199 patrocinium
973 1149 1230 1199 susciperent,
1270 1155 1311 1186 ut
1344 1148 1418 1199 jam
1453 1148 1512 1186 vel
1543 1161 1714 1199 superare
1741 1161 1867 1186 eorum
1893 1159 2068 1184 numerus

263 1213 450 1261 videatur,
491 1215 555 1265 qui
581 1216 627 1253 iis
654 1229 721 1268 pro
748 1216 918 1267 genuinis
942 1216 997 1252 uti
1023 1229 1096 1254 non
1125 1222 1295 1254 recusent
1312 1215 1371 1268 9);
1407 1215 1452 1254 de
1478 1215 1638 1268 epistolis
1672 1228 1759 1254 vero
1788 1215 1895 1253 etiam
1926 1211 2068 1251 Gesne-

264 1296 326 1318 rus
344 1283 382 1318 in
400 1281 639 1320 Middletonis
666 1283 881 1320 defensione
907 1285 1143 1334 acquiescere
1170 1285 1260 1321 satis
1288 1283 1415 1320 habuit
1435 1284 1504 1335 1⁰),
1534 1285 1737 1334 summique
1761 1283 1917 1320 recentis
1942 1282 2070 1319 aetatis

266 1349 398 1395 critici,
436 1362 503 1386 nec
531 1350 563 1386 si
590 1349 635 1387 de
660 1349 885 1388 orationibus
913 1364 934 1387 a
958 1350 1181 1390 Marklando
1205 1350 1426 1402 VVolfioque
1453 1350 1696 1397 dissentirent,
1727 1349 1924 1388 Tunstallo
1948 1355 2069 1387 tamen

267 1415 448 1453 calculum
475 1430 582 1453 suum
612 1417 772 1468 adjicere
800 1416 1014 1455 dubitarunt
1036 1417 1114 1470 11);
1145 1425 1260 1469 utque
1291 1417 1507 1455 Schiitzium
1535 1424 1698 1465 taccam,
1732 1418 1796 1467 qui
1823 1418 1985 1467 priorum
2006 1414 2069 1466 ju·

268 1541 332 1568 tur,
359 1538 393 1563 de
412 1538 528 1564 illarum
548 1547 635 1570 vero,
656 1547 729 1574 quae
750 1539 899 1566 Ciceronis
919 1540 955 1565 ad
976 1539 1105 1567 Marcum
1126 1541 1245 1567 Brutum
1267 1541 1404 1577 Brutique
1425 1541 1461 1567 ad
1480 1540 1647 1567 Ciceronem
1667 1539 1753 1575 vulgo
1773 1539 1904 1566 feruntur
1927 1538 2067 1575 Epistola·

268 1598 330 1615 rum
349 1587 484 1624 αιῖθεντίᾳ
504 1590 646 1616 nonnulla
666 1590 856 1616 disseruntur.
879 1590 1016 1617 Cuntahr.
1039 1591 1121 1617 1741.
1142 1592 1171 1617 8.

346 1639 374 1673 6)
393 1640 453 1666 The
479 1640 596 1676 epistles
622 1640 657 1666 of
679 1639 720 1666 Μ.
749 1641 851 1667 Cicero
878 1644 907 1667 to
934 1641 976 1668 M.
998 1642 1101 1669 Brutus
1121 1643 1176 1669 and
1196 1643 1230 1669 ot*
1248 1643 1352 1670 Brutus
1373 1646 1402 1669 to
1423 1643 1523 1670 Cicero
1551 1662 1558 1668 .
1583 1662 1590 1669 .
1615 1662 1621 1669 .
1644 1642 1775 1678 together
1793 1641 1863 1668 with
1883 1651 1898 1667 a
1920 1641 2067 1677 prefatory

272 1692 473 1722 dissertation,
503 1692 534 1718 in
558 1691 653 1718 which
679 1691 727 1718 the
754 1692 900 1727 authority
927 1694 961 1719 ot'
984 1694 1032 1720 the
1060 1695 1122 1720 mid
1148 1696 1267 1730 epistles
1291 1696 1315 1721 is
1335 1696 1498 1721 vindieated
1518 1700 1574 1722 ete.
1596 1695 1717 1721 London
1741 1693 1823 1720 1743.
1844 1693 1873 1719 8.
1915 1693 2019 1719 Eadem
2040 1693 2069 1717 in

274 1742 417 1768 Gallicum
437 1751 596 1768 sermonem
616 1751 753 1768 conversa
772 1743 882 1778 prodiit
902 1744 1019 1770 Parisiis
1041 1744 1124 1770 1744.
1146 1745 1175 1771 8.

348 1792 377 1826 7)
399 1792 605 1820 Observatious
630 1802 667 1819 on
694 1793 743 1820 the
769 1798 885 1830 present
912 1796 1065 1823 collection
1093 1797 1128 1823 ot'
1151 1797 1267 1833 epistles
1294 1797 1425 1824 between
1448 1797 1548 1824 Cicero
1575 1798 1632 1824 und
1657 1797 1698 1824 M.
1723 1797 1844 1829 Brutus,
1873 1796 2071 1832 representing

273 1845 382 1870 several
403 1845 520 1871 evident
538 1845 633 1871 marks
653 1846 687 1871 of
703 1846 820 1882 forgery
839 1847 869 1873 in
890 1847 969 1874 those
991 1849 1108 1884 epistles
1128 1853 1184 1876 etc.
1208 1849 1328 1875 London
1351 1849 1433 1875 1744.
1454 1849 1485 1875 8.

345 1896 375 1931 8)
395 1898 535 1924 Remu-ks
555 1906 592 1924 on
611 1897 659 1924 the
679 1898 796 1934 epistles
816 1900 850 1925 of
865 1899 966 1926 Cicero
987 1904 1016 1927 to
1038 1901 1142 1928 Brutus
1162 1902 1218 1927 and
1238 1902 1272 1927 of
1292 1902 1395 1928 Brutus
1414 1905 1445 1928 to
1466 1901 1577 1929 Cicero.
1606 1901 1727 1928 London
1750 1899 1833 1928 1745.
1854 1899 1882 1926 8.

346 1949 376 1982 9)
397 1949 443 1976 Cf.
462 1950 602 1986 imprimis
623 1949 660 1976 Ο.
679 1948 797 1977 Mulieri
817 1950 956 1978 Etrunker
974 1952 1008 1978 T.
1026 1952 1066 1984 ΙΙ,
1086 1963 1116 1988 p.
1131 1952 1147 1978 6
1168 1957 1197 1979 et
1216 1952 1252 1979 23
1274 1956 1303 1979 et
1323 1953 1481 1979 Drumanni
1498 1953 1666 1981 Gesehichte
1682 1953 1769 1980 Romu
1789 1953 1824 1979 T.
1839 1952 1876 1983 V,
1897 1961 1926 1988 p.
1939 1950 1991 1977 471
2004 1960 2068 1986 sqq.

272 2001 344 2026 Data
365 2010 451 2036 opera
469 2001 500 2027 J.
521 2002 556 2027 A.
579 2001 725 2028 Savelsins
746 2005 775 2028 et
795 2002 941 2029 universas
961 2004 1087 2039 quinque
1115 2006 1258 2031 orationes
1284 2004 1466 2038 (Marcellino
1486 2004 1700 2041 comprehensa)
1724 2004 1881 2030 vindicavit
1901 2003 2070 2038 Aquisgrani

273 2052 345 2078 1828
373 2057 402 2079 et
429 2063 489 2079 eam
518 2062 591 2089 quae
618 2056 661 2079 est
687 2057 753 2089 post
777 2055 901 2081 reditum
921 2056 951 2081 in
971 2055 1078 2082 Senatu
1098 2058 1237 2092 peculiari
1264 2058 1391 2084 editione
1413 2058 1544 2084 defendit
1570 2057 1708 2084 Coloniae
1731 2055 1821 2087 ¹830;
1849 2056 1921 2082 adde
1941 2055 2069 2090 ejusdem

270 2113 373 2130 comm.
403 2106 439 2130 de
467 2106 596 2131 oratione
622 2114 675 2139 pro
704 2106 807 2136 domo,
835 2106 991 2132 Essendiae
1020 2106 1102 2132 1833.
1131 2108 1159 2137 4,
1191 2112 1219 2133 et
1248 2108 1302 2134 Th.
1332 2109 1427 2134 Lucae
1456 2108 1664 2141 Quaestionum
1689 2108 1886 2134 Tulli-nurum
1912 2105 2070 2141 specimen,

272 2155 483 2191 Hirschbergae
506 2155 588 2182 1837.
618 2155 646 2180 4.

328 2207 373 2241 10)
395 2207 506 2233 Comm.
524 2208 592 2234 Soc.
614 2207 693 2234 Gon.
716 2207 749 2233 T.
773 2207 828 2233 111.
850 2207 947 2241 (1753)
969 2218 998 2244 p.
1020 2209 1091 2235 2262
1122 2209 1157 2235 de
1176 2212 1304 2247 epistolis
1323 2212 1363 2238 od
1383 2212 1505 2238 Brutum
1525 2212 1640 2247 longior
1656 2210 1780 2247 sabula,
1807 2209 1964 2246 disputatio
1985 2210 2069 2244 impc—

269 2258 357 2285 dilo'or
377 2264 433 2290 est,
455 2268 474 2285 a
493 2269 536 2285 me
557 2258 673 2295 quidem
692 2258 818 2285 nondum
839 2259 882 2285 {ta
901 2269 1018 2286 excussa
1035 2265 1061 2287 et
1081 2262 1239 2297 exquisita,
1258 2267 1291 2288 ut
1310 2263 1431 2289 abstine
1447 2263 1642 2299 pronunciare
1661 2262 1801 2294 auden-⁸3
1821 2261 1880 2288 nisi
1898 2259 1976 2297 quod
1994 2258 2069 2294 suffi-

270 2320 328 2337 cere
348 2310 485 2337 haelemcs
504 2310 578 2337 nihi
597 2310 750 2337 videbatur
768 2310 1003 2337 Middleeoniana
1023 2310 1168 2347 defemio,
1190 2318 1223 2340 ut
1240 2324 1315 2341 nova
1334 2324 1420 2350 opera
1439 2324 1475 2340 ne
1493 2313 1579 2341 valde
1599 2313 1712 2351 quidem
1732 2324 1805 2351 opus
1822 2314 1871 2340 sit.

327 2361 373 2394 11)
394 2362 440 2388 cf.
463 2362 617 2388 Ruhnken.
639 2363 676 2388 nd
696 2362 774 2388 Vell-
797 2363 911 2389 Patere.
931 2363 970 2388 Π.
995 2362 1044 2390 12:
1069 2373 1120 2400 eqo
1140 2374 1205 2391 vero
1225 2365 1398 2392 Marklando
1420 2372 1447 2392 et
1470 2366 1622 2393 Tunetallo
1639 2367 1729 2402 facile
1748 2367 1897 2396 assentior,
1924 2364 2070 2390 Ciceronis

267 2412 306 2438 ad
324 2412 447 2439 Brutum
468 2418 496 2439 et
513 2414 602 2440 Brun·
621 2413 661 2439 ad
679 2412 845 2440 Ciceronem
865 2414 1002 2451 epistolas
1021 2425 1039 2441 a
1058 2415 1181 2453 falsario
1202 2426 1260 2442 esse
1280 2416 1430 2453 confictas,-
1453 2421 1481 2444 et
1493 2417 1696 2453 V'yttenbaeh.
1731 2417 1766 2444 V.
1785 2416 1936 2444 Ruhnken.
1955 2413 2066 2451 p.219=

268 2464 303 2490 de
322 2465 450 2501 epistolis
469 2467 625 2497 assentior,
658 2466 693 2493 de
713 2467 894 2494 orationibus
913 2478 970 2494 non
991 2469 1067 2494 ilem.
1108 2468 1193 2494 Solus
1218 2468 1361 2495 Weiskius
1388 2470 1417 2495 in
1448 2470 1687 2496 Annotntionibus
1712 2471 1749 2496 ad
1774 2471 1894 2497 selectas
1921 2468 2069 2494 Ciceronis

269 2517 417 2552 epistolas,
440 2518 558 2545 Brunsv.
574 2510 659 2578 17?-
673 2518 708 2679 81
724 2528 758 2556 ρ.
773 2529 816 2545 evi
836 2520 1027 2555 patrocinium
1050 2530 1144 2547 earum
1166 2521 1325 2556 suscepisse
1345 2522 1482 2553 traditur3
1504 2531 1567 2548 eum
1589 2527 1682 2549 tamen
1704 2521 1809 2548 librum
1829 2529 1973 2557 nunqnam
1998 2519 2066 2545 vidi.

531 2688 570 2727 ζ
588 2701 590 2703 ,

546 2720 624 2756 κ’»
