2421 2972
282 324 357 361 nisi
385 330 600 374 praetorum
629 325 779 363 comitia
805 325 973 362 habituri
1002 332 1120 364 essent
1152 325 1342 372 eonsules,
1383 325 1441 363 vel
1476 340 1574 364 nunc
1605 327 1643 364 in
1678 333 1893 364 transcursu
1928 336 2076 361 monere

280 391 385 437 licet,
428 405 495 429 nec
527 392 626 443 quod
658 391 914 430 Marklandum
942 393 1091 431 offendit
1118 393 1323 431 Antistium
1355 399 1559 444 praeturam
1594 400 1738 444 petere,
1777 394 1842 444 qui
1870 393 1931 429 vix
1959 404 2076 443 quae-

281 465 380 496 stura
407 459 621 510 perfunctus
647 474 727 497 esse
754 459 919 498 videatur
933 460 1014 511 69),
1054 474 1121 499 nec
1146 460 1246 511 quod
1274 460 1490 497 Tunstallus
1522 460 1753 510 reprehendit
1779 460 1826 498 de
1857 460 2076 498 consulibus

283 525 415 574 scribi,
445 539 536 577 quos
562 527 687 565 ambos
712 534 873 566 mortuos
895 541 975 566 esse
1003 528 1143 566 Brutus
1169 534 1290 566 nosset
1312 527 1390 579 70),
1428 540 1507 564 eam
1535 527 1609 564 vim
1635 527 1793 575 habere,
1831 534 1873 565 ut
1895 527 2074 579 epistolae

279 594 388 630 fldem
422 595 479 630 vel
507 595 684 631 tantillum
711 596 881 632 infirmet.
939 595 1142 632 Consulum
1177 598 1273 632 enim
1307 608 1438 632 nomen
1475 595 1513 629 in
1550 593 1619 630 hoc
1653 593 1825 643 loquendi
1851 608 1985 645 genere
2011 608 2071 631 so·

279 659 397 696 lemne
425 660 537 696 fuisse
560 661 724 708 videtur,
763 668 802 698 ut
827 661 977 712 perinde
1004 667 1100 698 esset
1123 661 1264 699 dicere:
1306 663 1457 699 comitia
1483 661 1687 705 habentur,
1717 667 1773 696 et:
1812 660 1981 697 eonsules
2008 674 2070 697 co—

280 728 384 764 mitia
405 728 554 775 liabent,
583 735 622 766 ut
649 729 780 766 Cicero
804 728 850 765 ad
877 726 962 765 Au.
985 728 1057 767 lv.
1084 727 1134 766 2:
1165 731 1201 767 si
1226 730 1376 767 comitia
1405 741 1598 766 censorum
1618 727 1786 777 proximi
1810 728 1979 765 consules
2001 728 2069 764 luz-

281 793 427 840 berent,
465 793 631 845 idemque
663 794 771 832 simili
794 796 831 832 in
859 807 968 832 causa
995 794 1161 847 Philipp.
1187 796 1299 833 XIV.
1327 794 1395 842 14,
1434 794 1603 845 quamvis
1630 791 1760 830 abesse
1787 793 1958 831 consules
1983 807 2068 832 nos-

278 868 346 907 set,
377 861 445 897 hos
468 869 587 898 tamen
609 862 818 899 solemniter
843 865 1097 913 praescripsit:
1130 870 1172 900 ut
1198 863 1244 900 C.
1269 862 1398 905 Pansa
1420 862 1473 898 A.
1500 862 1650 898 Hirtius
1673 861 1843 898 consules
1869 863 2067 910 imperato-

278 941 336 965 res
364 927 460 966 alter
486 929 637 966 ambove
669 935 735 966 aut
768 929 803 966 si
833 930 989 967 aberant
1013 929 1075 968 M.
1112 929 1298 968 Cornutus
1328 935 1482 979 praetor
1505 928 1669 966 urbanus
1695 927 1991 979 supplicationes
2018 928 2071 965 ad

279 996 402 1031 omnia
425 995 640 1044 pulvinaria
667 996 888 1043 constituat,-
924 1009 1043 1046 neque
1070 998 1200 1047 opinor
1226 995 1391 1032 dubitare
1414 997 1555 1032 Brutus
1580 1001 1744 1045 poterat,
1772 996 1863 1045 quin
1889 1001 1974 1032 aute
2001 1008 2067 1032 no·

278 1076 404 1100 vorum
441 1063 714 1113 magistratuum
750 1064 893 1100 comitia
927 1063 988 1113 alii
1024 1064 1192 1102 consules
1222 1064 1260 1100 in
1287 1070 1510 1101 mortuorum
1543 1063 1664 1101 locum
1699 1062 1956 1100 sufficerentur
1965 1078 1978 1112 3
2020 1062 2067 1100 de

277 1135 465 1178 praeturae
501 1135 619 1165 autem
657 1129 826 1178 petitione
862 1131 1085 1180 ignorantiae
1124 1132 1284 1176 crimen,
1324 1129 1422 1179 quod
1459 1130 1496 1179 in
1537 1129 1737 1179 sophistam
1778 1128 1920 1165 scilicet
1956 1141 2065 1165 suum

276 1195 516 1233 Marklandus
548 1195 715 1246 conjicit,
760 1197 797 1231 in
830 1196 949 1246 ipsum
985 1197 1133 1244 recidit,
1174 1197 1238 1246 qui
1272 1209 1345 1232 non
1379 1195 1588 1232 recordatus
1623 1196 1693 1242 sit,
1734 1194 1808 1231 illis
1835 1193 2064 1244 temporibus

276 1263 474 1312 legitimum
503 1263 776 1312 magistratuum
807 1263 1041 1311 petendorum
1072 1277 1218 1300 cursum
1246 1275 1382 1312 susque
1409 1262 1526 1312 deque
1551 1261 1677 1298 haberi
1703 1263 1878 1311 coepisse.
1943 1260 2062 1311 Cujus

277 1331 328 1367 rei
360 1329 645 1379 insignissimum
679 1329 920 1367 testimonium
953 1337 1068 1368 exstat
1103 1330 1293 1368 Ciceronis
1326 1328 1490 1379 Philipp.
1516 1329 1590 1366 XI.
1622 1328 1670 1365 5:
1716 1342 1826 1380 quam
1858 1328 2061 1365 absurdum

277 1402 412 1442 autem,
443 1396 509 1446 qui
530 1401 682 1444 praetor
704 1395 792 1446 sieri
816 1409 891 1432 non
914 1398 1091 1446 potuerit,
1122 1410 1203 1434 eum
1230 1402 1354 1446 petere
1382 1396 1626 1442 consulatum,
1662 1394 1871 1445 ibidemque
1897 1394 1943 1432 de
1970 1394 2058 1443 alio,

276 1463 343 1513 qui
373 1475 419 1498 ex
446 1461 638 1497 aedilitate
672 1461 900 1497 consulatum
926 1463 1056 1511 petiit3
1093 1476 1164 1499 neu
1197 1463 1278 1511 quis
1311 1461 1406 1498 hanc
1440 1462 1622 1498 licentiam
1649 1463 1687 1497 in
1715 1461 1949 1497 Antonianos
1979 1468 2059 1497 tan·
2110 1461 2115 1465 ’

275 1537 352 1567 tum
381 1528 510 1566 cadere
537 1534 661 1578 putet,
700 1529 736 1564 in
764 1534 910 1578 promtu
934 1535 988 1566 est
1011 1529 1140 1566 Furnii
1166 1529 1391 1580 exemplum,
1428 1530 1487 1566 cui
1513 1528 1644 1567 Cicero
1670 1527 1796 1566 eodem
1822 1527 1954 1575 modo,
1983 1541 2059 1579 quo

272 1597 412 1633 Brutus
438 1608 478 1632 se
504 1595 542 1631 in
569 1594 731 1632 Antistio
759 1595 888 1633 fecisse
915 1597 986 1644 ait,
1017 1597 1301 1648 intempestivam
1327 1597 1534 1647 petitionem
1557 1595 1770 1633 dissuadens
1794 1594 1921 1633 scribit
1947 1595 2055 1633 Fam.

272 1664 325 1700 X.
353 1662 432 1699 25:
475 1663 576 1713 quod
601 1676 643 1699 eo
669 1663 823 1715 facilius
855 1663 962 1699 nobis
991 1669 1065 1710 est,
1102 1665 1203 1715 quod
1228 1677 1303 1700 non
1334 1670 1387 1700 est
1419 1677 1536 1700 annus
1564 1663 1625 1700 liic
1657 1663 1727 1699 tibi
1755 1664 1982 1710 destinatus,
2016 1669 2059 1700 ut

271 1731 307 1767 si
334 1729 468 1768 aedilis
495 1729 643 1781 fuisses,
680 1736 765 1780 post
798 1730 983 1768 biennium
1012 1736 1094 1767 taus
1121 1745 1238 1768 annus
1265 1731 1380 1769 esset!
1436 1730 1630 1769 Difficilior
1652 1730 1814 1781 quaestio
1841 1729 1986 1768 videtur
2011 1729 2058 1769 dc

271 1811 338 1835 sua
366 1797 548 1848 pecunia,
589 1809 660 1846 qua
686 1795 781 1833 idem
809 1795 1174 1833 Antistius.Brutum
1208 1796 1388 1847 adjuvisse
1415 1796 1569 1843 dieitur,
1610 1810 1722 1847 quum
1757 1809 1836 1833 eam
1870 1795 2057 1847 publicam

271 1866 389 1915 potius
422 1864 535 1900 fuisse
561 1862 748 1912 probabile
774 1864 820 1898 sit
839 1863 919 1914 ⁷1);
961 1876 1085 1899 verum
1121 1870 1241 1900 tamen
1277 1866 1309 1899 si
1336 1864 1394 1900 vel
1421 1865 1574 1899 maxime
1601 1863 1732 1909 suerit,
1774 1863 1819 1899 de
1853 1876 1928 1913 quo
1957 1876 2057 1900 nunc

271 1946 345 1970 non
371 1944 529 1982 quaero,
567 1943 645 1967 eam
673 1942 839 1980 quoque,
875 1943 984 1980 quam
1012 1944 1079 1981 pro
1107 1944 1147 1968 re
1174 1930 1320 1981 publica
1347 1930 1633 1979 administraret,
1665 1944 1738 1968 non
1767 1929 1885 1968 solum
1913 1931 1950 1967 in
1978 1932 2056 1982 epi-

273 1998 397 2036 stolari
432 1997 606 2034 brevitate
639 2009 743 2032 suam
779 1996 851 2033 dici
886 1997 1046 2047 potuisse
1080 1997 1237 2034 ostendit
1270 1997 1512 2048 Appulejana
1544 1997 1702 2047 pecunia
1736 1996 1902 2047 Philipp.
1933 1998 2053 2034 XIII.

273 2066 349 2113 16,
380 2078 498 2115 neque
525 2064 629 2101 aliter
657 2063 787 2101 Cicero
814 2063 859 2100 ad
888 2063 1053 2102 Cassium
1080 2065 1186 2102 Fam.
1217 2064 1313 2102 XII.
1346 2064 1394 2101 7:
1435 2071 1556 2102 tamen
1583 2065 1636 2101 sie
1666 2065 1893 2111 statuebam,
1932 2078 2058 2103 omnes

274 2147 369 2187 quae
397 2134 435 2169 in
463 2132 542 2169 istis
567 2131 736 2181 partibus
763 2137 881 2169 essent
909 2132 1038 2182 copiae
1064 2145 1234 2184 opesque,
1270 2138 1373 2169 tuas
1399 2145 1490 2179 esse,
1521 2144 1591 2182 per
1615 2137 1719 2183 teque
1745 2131 1878 2168 Asiam
1902 2134 2056 2182 provin-

275 2203 370 2239 ciam
406 2199 633 2250 confidebam
659 2199 745 2249 jam
775 2200 832 2235 rei
850 2198 1024 2249 publicae
1060 2205 1327 2249 recuperatam.
1385 2199 1563 2250 Superest
1598 2200 1738 2248 tertia
1777 2199 1976 2247 decima,
2019 2201 2059 2237 in

272 2281 345 2320 qua
371 2268 448 2317 ipse
475 2264 714 2303 Marklandus
743 2265 834 2303 nihil
860 2265 1194 2317 reprehendendum
1218 2268 1376 2316 invenit,
1407 2267 1477 2305 nisi
1502 2265 1601 2318 quod
1627 2266 1767 2303 Brutus
1793 2279 1832 2302 se
1863 2279 1926 2314 ea,
1964 2279 2059 2317 quae

273 2351 341 2387 pro
367 2333 516 2372 Lentuli
541 2331 665 2369 liberis
692 2332 924 2383 deprecetur,
960 2348 1033 2371 non
1057 2340 1196 2372 tantum
1225 2350 1248 2371 a
1278 2334 1458 2373 Cicerone
1483 2334 1780 2385 conjunctissimo
1806 2333 1954 2371 homine
1979 2335 2058 2384 pri-

330 2458 377 2491 69)
397 2457 533 2483 Remarks
553 2465 583 2491 p.
606 2455 657 2481 156
678 2465 740 2491 sqq.

329 2509 377 2543 70)
397 2509 516 2535 Observ.
538 2517 568 2543 p.
589 2506 642 2532 315
663 2516 724 2542 sqq.

328 2560 375 2595 71)
399 2560 533 2587 Remarks
553 2569 581 2595 p.
606 2557 655 2585 151
677 2567 738 2594 sqq.
